3266 4914
797 339 930 392 37-

240 518 459 592 commentario,
494 518 588 577 altera
611 537 670 592 eos,
704 517 741 576 ad
764 535 839 594 qnos
862 534 937 592 qnae
958 514 1108 592 pertinent
1131 511 1245 572 scholia
1267 511 1388 571 Pithoe-

240 639 304 693 ana‚
328 619 385 677 etsi
405 637 464 677 non
480 617 592 677 eisdem
612 619 713 677 verbis
736 617 859 677 aValla
882 616 1064 688 adferantur,
1086 619 1186 672 tamen
1208 613 1245 671 ab
1262 631 1295 671 eo
1310 612 1389 670 lecta

240 724 270 776 et
292 723 435 795 usurpata
468 737 534 776 esse
557 719 647 776 certis
681 722 797 776 constat
828 716 1030 792 argumentis3
1063 715 1152 772 tertie
1184 732 1219 772 ea
1250 712 1387 772 indicabo

240 817 362 892 scholis,
387 836 462 894 quae
485 823 515 876 et
536 818 566 875 in
590 817 673 876 codd.
689 816 783 875 Mont.
800 821 829 874 et
844 815 934 892 Sang.
957 821 986 874 et
1008 817 1039 873 in
1055 814 1264 874 commentario
1280 813 1387 872 Vallae

202 911 212 936 ⁶
237 919 447 985 inveniuntur;
469 917 501 974 in
524 922 630 994 quarta
653 935 703 975 eos
725 936 833 993 ponam
854 935 971 989 versus,
1002 915 1037 974 ad
1062 933 1136 992 quos
1158 913 1249 973 Valla
1269 917 1388 989 practer

224 1007 436 1074 'Pithceanum
463 1034 574 1075 novum
602 1016 698 1074 adfert
724 1017 1029 1093 interpretamentum,
1063 1015 1093 1072 in
1124 1013 1228 1091 quinta
1250 1012 1386 1089 deniqne,

239 1114 277 1174 ed
309 1133 383 1192 quos
413 1134 489 1192 quae
517 1117 607 1176 Valla
638 1117 759 1176 exhibet
786 1136 802 1176 e
829 1117 927 1176 Probo
957 1116 1140 1192 deprompta,
1173 1131 1386 1190 usquequaque

239 1213 452 1273 ePithoeanis
475 1214 598 1276 scholiis
621 1221 690 1275 sunt
711 1217 816 1275 aliena.

338 1313 388 1372 Ad
414 1315 470 1375 hos
497 1317 591 1392 igitur
612 1337 719 1377 versus
747 1337 822 1395 quae
848 1318 997 1394 pertinent
1021 1302 1139 1376 vscholia
1188 1311 1237 1372 Ad
1247 1311 1302 1371 hos
1314 1329 1363 1369 an·

238 1412 412 1489 Pithoeana,
434 1416 465 1474 in
483 1417 590 1476 Vallae
613 1419 822 1477 commentario
1186 1403 1361 1456 iflmVffl'SUfl

276 1513 396 1573 desunt:
501 1523 645 1595 usurpata
708 1518 820 1577 eisdem
842 1519 905 1578 fere
969 1522 1113 1594 usurpate
1187 1480 1303 1622 tbdbbam
1324 1498 1358 1620 ⁰2

515 1622 631 1675 tantum
718 1617 821 1677 verbis
844 1618 893 1677 ad·
949 1622 1001 1675 ant
1022 1616 1130 1690 adlata,
1187 1647 1286 1706 Probo
1309 1646 1357 1706 de,

531 1723 613 1776 sunt:
767 1719 841 1778 lata:
946 1716 999 1775 sed
1020 1736 1131 1776 novum
1186 1732 1351 1809 prompsit,

965 1815 1112 1875 scholium
1187 1834 1263 1892 quac
1298 1835 1357 1875 non

938 1915 1071 1974 additum
1079 1920 1135 1974 est:
1186 1903 1305 1957 flxfltffllt
1326 1899 1357 1957 in

1180 1981 1361 2042 coddMont.

1191 2071 1221 2124 et
1242 2063 1348 2142 Sang.:

290 2283 340 2341 III
365 2286 380 2340 1

247 2379 434 2459 (Inscriptio)

335 2767 345 2798 ¹
367 2763 460 2818 Valla:
480 2763 609 2834 Quamvis
629 2761 754 2831 diprcssa
771 2761 868 2816 asteria
885 2762 1014 2828 confusas
1032 2761 1121 2816 amici.
1140 2762 1172 2816 dc
1191 2763 1267 2817 urbis
1282 2764 1380 2819 iaceta-

235 2853 321 2907 modis
340 2858 365 2907 et
384 2851 416 2906 dc
436 2865 542 2906 recessa
560 2849 686 2904 ambrisia?
698 2849 924 2904 locuturasarbis
936 2865 1026 2904 romae
1040 2849 1257 2904 consuetudinem
1267 2851 1381 2906 detesta-

233 2947 280 2994 tar
298 2941 348 2994 aab
365 2954 485 3007 persona
502 2936 629 2990 ambricii
648 2936 729 2990 amici
748 2937 802 2990 sai.
821 2935 881 2990 Hoc
899 2936 1180 3006 interpretamentum
1199 2938 1267 2992 satis
1286 2939 1379 2994 incon·

235 3028 349 3082 cinnam
368 3043 384 3080 a
398 3025 478 3080 Valla
498 3025 648 3080 conflatum
667 3041 726 3078 esse
738 3024 851 3078 videtur
863 3042 897 3078 ex
910 3025 1101 3094 inscriptione,
1121 3043 1176 3094 qua
1188 3027 1274 3080 tertia
1284 3031 1380 3082 satura

233 3116 262 3169 in
281 3115 375 3170 codice
393 3114 479 3168 Probi
499 3114 635 3167 instructa
664 3116 731 3178 erat,
763 3117 846 3180 atque
871 3131 904 3166 ex
929 3113 1020 3182 primo
1047 3114 1105 3168 eius
1125 3113 1238 3168 scholio.
1276 3113 1380 3168 Similis

233 3204 307 3257 enim
326 3203 407 3256 huius
427 3207 539 3256 saturae
551 3201 652 3255 titulus
666 3201 720 3269 (Dc
738 3201 817 3254 ruatis
835 3202 925 3266 tarbis)
944 3206 1036 3256 exstat
1054 3202 1083 3255 in
1102 3201 1381 3258 cedvindobonensi

233 3308 276 3344 nr.
296 3291 356 3344 CXI
368 3291 463 3358 landa,
484 3307 565 3359 quem
584 3291 640 3343 iam
658 3291 933 3344 commemoravimus
952 3308 978 3358 p.
993 3292 1028 3342 24
1044 3307 1071 3343 n.
1084 3292 1110 3351 3,
1130 3295 1214 3358 atque
1226 3291 1378 3360 Rupertins

233 3378 302 3447 (Iuv.
323 3397 347 3432 v.
367 3379 380 3430 I
397 3395 424 3447 p.
446 3379 507 3446 177)
532 3396 547 3432 e
568 3378 661 3433 nescio
684 3377 784 3446 quibus
802 3378 943 3432 codicibus
963 3379 1013 3431 hos
1032 3378 1129 3431 titulos
1149 3377 1253 3433 adfert:
1297 3379 1377 3434 Urbis

232 3465 405 3520 incommoda.
425 3495 460 3505 -
477 3467 521 3521 De
538 3466 713 3521 incommodis
731 3467 828 3532 Urbis;
848 3467 986 3534 imprimis
1006 3470 1098 3520 antem
1113 3465 1147 3520 cf.
1167 3466 1376 3536 inscriptionem

233 3553 335 3608 tertiae
347 3557 467 3621 saturae,
487 3571 557 3621 qnae
577 3555 680 3623 legitur
698 3555 727 3606 in
746 3554 839 3608 codice
852 3553 996 3608 Nicaeensi
1009 3571 1078 3608 saec.
1089 3554 1153 3622 XII,
1172 3555 1206 3608 de
1220 3572 1274 3622 quo
1288 3571 1376 3624 nuper

232 3641 344 3695 rettulit
369 3639 397 3694 C.
416 3640 548 3694 Beldame
571 3642 601 3694 in
619 3641 715 3695 Revue
734 3641 768 3694 de
786 3642 939 3712 philologie
957 3661 981 3695 v.
1002 3643 1040 3695 VI
1060 3645 1094 3710 (a.
1117 3644 1198 3712 lesa)
1215 3662 1243 3712 p.
1257 3647 1291 3698 76
1302 3661 1375 3714 sqq:

233 3729 276 3782 De
293 3727 371 3783 Urbis
383 3727 557 3782 incommodis
568 3733 593 3782 et
606 3728 730 3796 digressa
745 3729 874 3783 Umbritc't
892 3767 899 3780 .
920 3768 926 3781 .
948 3771 954 3783 .
975 3771 980 3782 .
1000 3730 1106 3784 Dubito
1117 3735 1220 3800 autem,
1235 3751 1270 3786 an
1283 3732 1375 3786 huius·

232 3816 308 3870 modi
333 3817 419 3870 fuerit
438 3820 551 3870 saturae
569 3816 669 3869 titulus
693 3817 823 3884 antiquus
847 3822 875 3870 et
898 3819 1048 3888 genuinus3
1080 3819 1115 3873 oi.
1135 3819 1219 3874 schol.
1247 3819 1321 3873 Pith.
1340 3819 1376 3873 ad
1394 3879 1405 3893 ,

232 3903 273 3956 lII
292 3905 357 3956 315:
375 3911 498 3972 poteram
517 3910 541 3958 ct
559 3904 617 3958 alia
634 3904 802 3958 incommoda
820 3905 897 3959 urbis
910 3905 1007 3973 dicere,
1026 3908 1084 3960 atsi
1097 3907 1233 3961 animalia
1251 3923 1377 3962 mesoca-

232 4000 299 4048 roat.
328 3994 407 4046 Illius
426 3993 496 4046 enim
517 3992 715 4059 inscriptionis,
735 4009 805 4060 quae
823 3992 852 4044 in
871 3991 930 4046 cod.
947 3992 1035 4046 Mont.
1049 4011 1091 4062 pr.
1104 4011 1141 4047 m.
1153 3995 1257 4063 scripta
1270 3995 1375 4065 legitur

232 4081 332 4150 (Quare
355 4080 507 4134 Umbricius
525 4082 614 4136 arbem
634 4081 759 4148 deamat),
778 4081 839 4148 ipsa
857 4080 948 4134 forma
961 4098 978 4134 a
991 4082 1089 4134 ceteris
1109 4087 1267 4136 saturarum
1286 4081 1376 4136 titulis

233 4169 380 4236 discrepat.
411 4167 553 4222 Posterior
580 4186 645 4222 vero
676 4185 741 4236 pars
768 4167 1011 4236 interpretamenti
1036 4167 1157 4222 Valliani
1186 4169 1290 4223 eisdem
1317 4169 1376 4222 fere

231 4256 324 4310 verbis
349 4256 378 4308 in
404 4256 463 4309 cod.
484 4256 562 4310 Leid.
587 4257 656 4310 bibl.
678 4256 754 4324 publ.
777 4273 818 4309 nr.
838 4256 873 4308 82
894 4259 1002 4323 exstat3
1029 4256 1059 4309 in
1088 4273 1143 4324 quo
1171 4258 1207 4311 ad
1234 4275 1259 4311 v.
1282 4261 1294 4310 l
1323 4258 1377 4311 hoc
1488 4276 1497 4288 .

232 4344 405 4412 adscriptum
425 4347 467 4396 est
485 4343 635 4397 scholium:
671 4345 748 4399 Urbis
776 4360 866 4398 romae
892 4346 1120 4400 coaoasactoaam
1150 4345 1298 4400 detestatur
1324 4347 1374 4400 sab

227 4446 346 4500 paeana
366 4430 491 4484 umbricia‘
508 4433 554 4485 sui
573 4433 663 4486 amici.
701 4433 757 4486 Hic
784 4433 853 4488 caim
882 4432 943 4487 odio
960 4435 1038 4488 urbis
1067 4435 1099 4488 ia
1121 4436 1266 4502 campania
1282 4435 1376 4502 posuit

229 4522 312 4576 larem
330 4519 379 4572 abi
395 4517 549 4574 vaticinata
567 4525 605 4574 est
623 4519 730 4589 sybilia.
