3250 4914
330 1662 450 1724 Scholia
468 1662 663 1722 Iuvenaliana
684 1662 715 1719 in
737 1661 893 1738 permultis
915 1665 1034 1719 exstant
1056 1662 1215 1738 codicibus,
1238 1664 1290 1722 scd
1312 1665 1373 1724 alie

230 1765 261 1822 in
283 1765 359 1840 aliis,
390 1769 424 1823 ut
446 1783 531 1822 cuum
555 1763 660 1839 cuique
680 1762 758 1820 libro
785 1780 850 1820 esse
874 1759 1087 1820 commentum¹
1111 1763 1175 1822 iure
1196 1765 1263 1841 quis
1285 1765 1373 1836 dicat,

231 1871 283 1924 aut
308 1870 387 1924 certe
414 1865 468 1926 vix
491 1864 548 1922 duo
575 1863 764 1922 inveniantur
787 1861 911 1935 codices,
944 1862 995 1939 qui
1017 1862 1104 1938 plane
1132 1863 1234 1922 eadem
1261 1865 1375 1926 scholia

231 1965 369 2024 habeant.
413 1963 470 2023 Sed
491 1970 589 2022 tamen
608 1961 765 2020 'maximae
792 1963 887 2038 partis
913 1962 1020 2021 horum
1045 1963 1075 2021 in
1098 1963 1272 2024 Iuvenalem
1299 1985 1375 2026 com·

232 2073 398 2126 mentorum
428 2066 514 2143 quasi
540 2065 638 2122 fontes
672 2068 742 2121 sunt
771 2063 822 2122 vel
851 2063 1042 2122 fundamenta
1074 2063 1131 2123 duo
1164 2067 1375 2141 commentarii,

232 2167 309 2225 alter
330 2167 470 2243 antiquus
498 2169 527 2222 et
550 2165 622 2222 catis
644 2164 749 2240 bonus,
782 2183 799 2222 a
820 2164 992 2223 doctissimo
1020 2164 1147 2241 quodam
1173 2164 1291 2226 homine
1314 2186 1376 2225 ace·

232 2268 299 2325 culo
323 2272 429 2344 quarto
451 2271 519 2342 post
536 2263 603 2324 (thr.
619 2285 647 2322 n.
670 2270 796 2322 exeunte
818 2265 1008 2341 compositus,
1030 2265 1107 2323 alter
1129 2265 1224 2325 fusior
1246 2267 1375 2343 quidem,

233 2367 285 2425 sed
312 2367 406 2426 multo
428 2367 519 2426 vilior
545 2366 727 2442 minorisque
749 2365 848 2443 pretii,
881 2365 977 2424 medio
1000 2385 1074 2425 aevo
1098 2368 1292 2443 conscriptus,
1326 2369 1378 2445 qui

232 2471 263 2527 in
286 2468 385 2528 codice
400 2467 598 2526 Laurentiano
620 2467 661 2543 pl.
679 2468 762 2542 52,4
785 2473 814 2524 et
835 2467 981 2525 Beruenci
1003 2486 1047 2525 ur.
1065 2465 1144 2526 223²
1167 2465 1296 2527 Cornuto
1319 2470 1378 2528 cui·

233 2569 300 2628 dam
322 2569 473 2628 tribuitur.
516 2567 630 2626 Neuter
655 2585 726 2627 vero
753 2565 860 2625 horum
883 2567 1160 2626 commentariorum
1181 2569 1298 2645 integer
1320 2570 1378 2627 sin·

233 2689 376 2747 uerusque
408 2675 535 2727 aetatem
568 2669 673 2726 tulisse
706 2667 834 2727 videtur.
890 2665 973 2734 (luca
1005 2669 1083 2726 enim
1113 2669 1202 2728 hodie
1236 2670 1377 2746 leguntur

234 2771 415 2829 scholiorum
441 2775 475 2828 ut
499 2770 542 2826 ita
569 2768 665 2826 dicam
691 2787 824 2844 corpora,
857 2787 891 2825 ea
923 2773 973 2825 aut
1005 2769 1106 2826 tenuia
1135 2769 1313 2829 uberiorave
1341 2788 1379 2828 ex

234 2873 377 2930 alterutro
408 2868 530 2926 illorum
564 2868 715 2925 continent
746 2872 895 2942 excerpta,
929 2872 980 2924 aut
1008 2868 1136 2942 genuino
1168 2870 1378 2928 commentario

232 2973 563 3047 interpretamentorum
592 2967 711 3025 aliunde
735 2972 867 3026 ortorum
894 2968 962 3044 plus
993 2967 1130 3028 minusve
1161 2968 1292 3028 additum
1324 2976 1379 3047 eet,

232 3071 263 3130 id
288 3069 366 3148 quod
381 3067 530 3127 interdum
553 3068 642 3126 etiam
665 3067 813 3144 excerptis
835 3067 898 3126 illis
914 3067 1029 3126 accidit.
1074 3069 1149 3128 Erui
1168 3074 1266 3128 tamen
1281 3076 1381 3147 potest

234 3175 263 3229 et
285 3174 410 3247 oportet,
441 3175 509 3228 uter
536 3169 764 3228 commentarius
791 3169 858 3227 fons
886 3168 926 3226 sit
947 3169 998 3228 vel
1027 3168 1251 3228 fundamentum
1281 3171 1381 3228 uuius-

235 3345 431 3354 *ιμ-

224 3490 231 3500 ,
336 3459 345 3491 ¹
369 3458 411 3512 De
432 3459 582 3512 commenti
599 3458 734 3514 vocabulo
752 3458 787 3512 cf.
806 3458 884 3512 Iahn.
902 3458 984 3527 proll.
1003 3458 1039 3512 ad
1058 3457 1133 3511 Pers.
1154 3473 1180 3526 p.
1195 3454 1307 3510 CLXIX
1324 3457 1382 3510 n.2

236 3547 264 3598 ct
274 3543 454 3601 EliaeVineti
472 3545 521 3600 ‘de
529 3547 651 3600 Cornuto
670 3587 738 3601 ....
760 3564 792 3600 ac
811 3546 845 3600 de
857 3545 1055 3600 Commentarii
1070 3544 1279 3612 Commentique
1298 3544 1382 3614 cigni-

234 3632 363 3687 ficatione
392 3633 610 3702 praefationem’
635 3634 665 3686 in
690 3634 813 3688 editione
843 3634 1007 3688 Cornuticni
1031 3635 1060 3687 in
1084 3633 1210 3688 Persium
1234 3633 1383 3686 commenti

237 3721 379 3788 (Lutetiae
397 3721 471 3789 apud
492 3721 532 3775 Gl.
544 3721 691 3775 Morellum
713 3723 791 3775 1613.
811 3723 861 3790 4⁰),
880 3722 914 3776 de
933 3739 989 3790 qua
1008 3739 1033 3775 v.
1052 3721 1184 3775 Bandiuii
1202 3721 1283 3774 catal.
1305 3721 1383 3774 codd.

235 3807 296 3861 latt.
316 3807 384 3861 bibl.
403 3808 488 3863 Laur.
509 3809 536 3862 Il
555 3810 610 3862 548
630 3809 692 3862 coll.
711 3809 790 3863 Iahn.
809 3810 891 3877 proll.
911 3809 946 3862 ad
964 3809 1038 3862 Pera.
1057 3826 1084 3878 p.
1099 3807 1245 3862 CLXVIII.

335 3898 345 3929 ²
364 3896 441 3951 lahn.
460 3897 542 3965 proll.
561 3896 596 3950 ad
614 3897 689 3950 Pera.
708 3913 735 3965 p.
752 3895 866 3950 CXVIII
885 3901 914 3950 et
934 3897 1028 3950 CXVI.
1057 3896 1097 3950 cf.
1118 3895 1164 3948 ur.
1183 3896 1218 3948 A.
1230 3894 1382 3949 Zachariae

236 3981 262 4035 S.
276 3982 296 4036 I.
316 3983 370 4038 iter
382 3984 552 4038 litterarium
570 4002 622 4053 per
636 3985 748 4038 Italiam
761 3983 896 4053 (Venetiic
910 3986 989 4050 1762)
1003 4001 1030 4054 p.
1042 3985 1090 4036 25:
1110 3983 1199 4052 (Inter
1212 3982 1291 4036 codd.
1306 3983 1384 4051 ‘piis-

233 4071 366 4124 simorum
390 4076 418 4126 ct
441 4072 665 4127 doctissimorum
684 4073 802 4126 Petrum
829 4071 855 4126 S.
874 4072 981 4126 Mariae
1000 4071 1092 4126 Curtia
1113 4074 1145 4124 ut
1164 4073 1265 4124 vocant
1285 4068 1383 4123 Orlan-

235 4156 378 4227 digornm’
396 4159 575 4228 Lucensium)
600 4161 684 4215 ‘Pisis
710 4160 829 4215 fortasse
855 4166 985 4216 exaratus
1004 4163 1046 4214 cat
1066 4159 1150 4213 etiam
1169 4157 1256 4212 codex
1276 4157 1385 4211 charta·

236 4261 298 4297 oeus
312 4244 420 4300 Saeculi
431 4247 490 4316 XV,
510 4250 559 4316 qni
577 4248 632 4302 fnit
647 4247 696 4304 Ser
706 4248 780 4304 Petri
792 4249 951 4317 Ronca'oail,
970 4252 1002 4302 ut
1020 4248 1049 4300 iu
1068 4247 1143 4301 calce
1161 4245 1253 4314 operia
1270 4245 1385 4314 legit-ur,

235 4332 363 4386 cPiscna
380 4336 536 4402 praenobili
556 4341 647 4406 gente.
667 4337 789 4404 Lactora
806 4339 836 4391 in
859 4355 890 4392 eo
911 4341 1002 4392 exstat
1021 4351 1104 4404 cuper
1120 4339 1232 4403 satyras
1244 4333 1386 4388 Iuvenalis
1478 4349 1479 4354 ¹

235 4420 389 4488 Aquinota‘c
401 4437 434 4475 ecc
447 4421 652 4478 Commentariis
665 4424 781 4480 Cornuti
796 4425 979 4495 copiosissime
992 4424 1066 4478 edito
1086 4465 1092 4476 .
1106 4463 1112 4476 .
1127 4462 1132 4475 .
1148 4423 1173 4475 .’
1192 4424 1276 4488 atque
1288 4419 1386 4474 Fabri-

235 4507 271 4562 cii
283 4508 351 4561 bibl.
364 4509 436 4562 med.
451 4514 479 4563 ct
492 4510 541 4564 inl.
555 4511 649 4564 Latin.
663 4516 682 4565 t.
694 4512 707 4564 I
720 4512 758 4581 (p.
770 4515 823 4567 430
835 4515 877 4568 ed.
890 4514 987 4568 Patav.
1000 4531 1024 4566 a.
1038 4511 1117 4580 1754)
1137 4509 1189 4563 cub
1202 4528 1228 4564 v.
1242 4508 1387 4562 Cornutus.

1169 4625 1182 4676 l
