3250 4914
787 311 823 362 27

236 489 368 556 videtum
402 492 481 546 certe
504 485 575 564 quid
604 503 638 545 eo
660 486 772 545 factum
794 486 843 562 sit,
876 504 961 545 nemo
993 491 1038 545 est
1059 487 1193 545 virorum
1225 486 1379 546 doctorum

236 588 288 665 qui
319 587 403 645 sciet.
447 585 628 664 Magnopere
658 587 752 662 igitur
773 586 932 645 dolendum
962 593 1008 644 est
1036 605 1073 644 ne
1095 587 1215 646 Vallem
1250 587 1378 664 quidem,

237 687 335 764 qualis
357 687 409 745 ille
431 687 531 760 fuerit,
556 689 629 746 setis
652 693 787 746 accurate
803 687 1007 764 descripsisse.
1051 687 1134 745 Haeo
1154 693 1269 746 tantum
1292 687 1328 744 de
1343 705 1378 745 eo

235 789 265 846 in
277 787 475 864 praefatione:
499 783 596 862 ‘Seue
618 787 723 864 inquit,
747 787 886 859 comperti
900 787 973 845 mibi
985 791 1054 845 suut
1067 804 1161 858 uuper
1177 787 1265 858 probi
1278 804 1377 859 prom·

234 890 333 947 mattei
352 889 386 945 iu
412 889 575 947 iuoeuuicm
600 888 798 947 comuuutarii
824 891 965 960 quamtum
991 885 1087 945 adbuc
1114 887 1279 944 audiverim
1303 887 1379 944 uuili

234 988 288 1048 aiii
309 989 417 1061 oopuiti
437 991 488 1047 scd
516 989 608 1046 mirae
632 987 800 1046 breuitatis:
833 987 964 1060 alioquin
990 990 1085 1045 tameu
1112 1003 1253 1060 perquam
1274 1002 1378 1058 oppor-

235 1093 321 1148 tuuos
352 1089 514 1162 utiquoudo
535 1105 565 1147 se
586 1088 670 1146 uobis
699 1087 885 1146 obtuleruut:
920 1088 1090 1148 obtulissent
1111 1102 1179 1146 uero
1199 1101 1262 1144 sese
1283 1085 1378 1144 adbuc

233 1191 327 1262 mucis
347 1190 409 1248 uisi
430 1191 514 1248 uobis
540 1188 659 1262 siupulo
682 1189 860 1247 rimantibus
887 1189 994 1246 codicis
1016 1188 1139 1246 uuuium
1164 1187 1280 1246 coriosa
1305 1184 1378 1242 iuui-

234 1290 325 1348 disset
350 1292 499 1348 uetustas:
532 1291 560 1346 et
585 1289 613 1346 si
638 1289 672 1346 iu
702 1304 799 1346 mauce
831 1288 920 1346 libros
949 1291 1087 1360 cuuuu
1116 1287 1297 1346 bobeouiur:
1329 1285 1380 1357 qui

233 1389 285 1446 oio
314 1389 393 1447 tertii
424 1389 494 1446 iibri
526 1389 682 1447 secuudum
715 1389 839 1460 ottiperc
868 1390 1009 1460 satyrum.
1059 1386 1286 1460 IuoipiIooimus
1313 1400 1380 1443 uero

232 1488 292 1562 ipsi
313 1489 340 1546 si
361 1489 444 1547 modo
468 1490 501 1546 id
526 1490 661 1562 cousepui
691 1489 863 1560 potuImus:
894 1491 927 1546 ut
957 1488 1052 1546 omuis
1082 1487 1171 1545 buius
1197 1489 1299 1558 poetae
1324 1503 1379 1558 pu·

233 1591 304 1647 teret
326 1589 474 1647 eruditio:
502 1591 590 1662 probi
611 1591 870 1660 iuterpretorueutu
891 1588 1055 1647 aeimmodi
1075 1603 1110 1646 eo
1131 1587 1278 1658 fuerumt:
1306 1603 1379 1659 quae

228 1689 319 1760 piduc
344 1689 509 1762 pereuipua
534 1692 602 1746 suut
631 1704 666 1747 ue
691 1689 725 1745 iu
755 1689 879 1746 miuimo
905 1687 1021 1760 quidem
1042 1691 1131 1760 parte
1159 1687 1379 1745 subtracimus:

233 1791 285 1846 out
309 1782 540 1846 immutavimus.²
584 1787 633 1845 Ad
655 1786 735 1846 VIII
761 1792 965 1858 versuta.
990 1788 1050 1845 198
1071 1785 1162 1846 Vella
1189 1785 1262 1844 hese
1292 1784 1380 1844 edno-

234 1893 290 1945 tet:
325 1882 388 1946 ‘bic
409 1905 462 1946 uos
482 1889 543 1947 iam
565 1889 672 1947 deserit
692 1888 805 1961 probus
825 1903 877 1946 uec
897 1888 980 1947 ultro
1007 1888 1083 1946 burro
1115 1888 1208 1946 bocum
1239 1891 1381 1960 quamtum

234 1990 275 2047 ad
295 2003 338 2046 me
355 1990 523 2060 peremerit
553 1990 767 2060 ruupruuus
790 1992 831 2046 est
858 1982 1037 2061 quicquam)
1080 1987 1158 2046 Haeo
1182 1993 1251 2046 sunt
1273 1988 1379 2061 omnia,

234 2106 310 2164 quse
332 2086 368 2145 de
390 2087 490 2146 codiee
518 2089 573 2146 illo
595 2088 686 2147 Valle
716 2094 834 2160 nerrst3
867 2093 901 2146 ut
922 2087 1014 2163 igitur
1041 2088 1208 2146 accuratius
1241 2106 1308 2145 eum
1334 2105 1380 2146 co·

233 2205 420 2263 gnoscemus,
443 2189 601 2265 praecipue
622 2193 656 2246 ut
683 2188 848 2266 videamus,
869 2207 944 2265 quae
965 2188 1044 2246 inter
1073 2207 1140 2246 eum
1166 2192 1196 2245 et
1217 2186 1381 2246 Pithoeene

235 2287 349 2346 scholia
371 2288 536 2348 intercedet
556 2290 643 2358 ratio,
667 2289 827 2364 diligenter
848 2289 1040 2366 Inspiciamus
1063 2295 1180 2365 oportet
1202 2295 1232 2348 et
1246 2307 1380 2366 perscru-

235 2393 333 2446 temur
353 2388 460 2449 Vallee
484 2389 515 2447 in
536 2389 710 2450 Iuvenalem
735 2389 985 2448 commentarium.
1029 2386 1088 2448 Sed
1113 2394 1181 2448 ante
1206 2388 1379 2448 indicandos

236 2505 302 2547 esse
323 2507 438 2566 censeo,
466 2491 517 2567 qui
540 2489 636 2549 adhuc
659 2489 696 2549 de
716 2489 772 2548 hac
795 2509 828 2548 re
851 2490 1035 2566 scripserint.
1078 2488 1217 2550 Breviter
1239 2487 1380 2548 Pithoeus

234 2607 300 2647 earn
330 2591 430 2666 attigit
459 2591 491 2648 in
513 2585 705 2664 ‘monendis',
739 2609 815 2667 quae
845 2589 954 2648 adiecit
975 2589 1129 2649 Iuvenalis
1152 2589 1274 2648 editioni
1299 2588 1380 2646 Pari·

234 2688 316 2748 sinae
344 2709 370 2748 a.
397 2691 486 2764 1585,
519 2709 594 2768 quae
622 2691 801 2766 compluries
833 2691 893 2748 iam
923 2690 1161 2750 commemoravi.
1206 2690 1278 2750 Post
1314 2708 1380 2748 eum

234 2788 376 2848 iudicium
391 2789 498 2848 dehac
519 2809 552 2848 re
573 2791 708 2848 fecerunt
721 2789 878 2848 Oremerus
894 2809 953 2848 non
968 2790 1104 2849 omnibus
1119 2791 1254 2866 partibus
1269 2790 1381 2848 iustum

234 2893 406 2966 rectumque
428 2889 450 2946 I.
474 2889 593 2965 saepius
614 2907 638 2946 o.
661 2909 690 2965 p.
714 2866 736 2948 i
758 2909 833 2966 sqq„
867 2889 1063 2948 falsissimum
1091 2909 1164 2950 vero
1187 2890 1322 2949 Osannus
1350 2889 1381 2946 in

235 3175 448 3230 haereditatibus
464 3176 607 3244 potiretur,
635 3192 732 3232 ocueuo
751 3177 918 3245 absumpsit:
944 3177 1141 3246 subtractisque
1158 3177 1250 3234 auutis
1268 3183 1293 3234 u
1308 3177 1381 3244 falso

235 3264 337 3320 tabulis
355 3264 474 3333 sipuotis
491 3265 671 3320 hereditates
688 3281 791 3319 mmmo
808 3265 901 3320 sceiere
918 3270 1075 3320 consecutus
1091 3267 1153 3319 est'.
1191 3265 1261 3320 Usus
1275 3270 1317 3320 est
1329 3266 1382 3320 hoc

237 3352 297 3405 loco
316 3352 510 3421 Meucinelius,
537 3353 585 3421 qui
610 3353 640 3406 in
657 3371 706 3408 suo
726 3356 925 3409 commentario
945 3355 1080 3422 (Venetiis
1099 3372 1123 3408 a.
1145 3354 1226 3422 1492)
1245 3354 1313 3408 haee
1332 3353 1379 3408 ad·

234 3441 325 3492 notet:
345 3437 459 3494 ‘Tribus
473 3441 603 3509 patruis:
622 3441 655 3496 de
672 3441 731 3512 ipso
751 3442 870 3511 tipriiiuo
888 3442 1102 3513 iuteiiipeudum:
1122 3442 1223 3511 probus
1246 3441 1316 3496 euim
1338 3441 1381 3512 (ut

235 3527 324 3592 uiuat)
342 3527 382 3581 sic
400 3528 528 3596 scripsit:
548 3529 588 3581 M.
608 3529 742 3598 opbouiue
760 3530 897 3599 tipr'iiiuus
915 3526 1002 3584 bomo’
1024 3535 1075 3585 cet.
1094 3534 1126 3584 ut
1144 3546 1237 3598 supra.
1273 3529 1328 3584 Sed
1346 3547 1381 3584 ne

235 3614 399 3669 Galderiuus
418 3615 529 3683 quidem
549 3616 634 3670 Probi
653 3617 779 3672 libellum
800 3618 953 3686 inspexisse
973 3619 1093 3681 videtur,
1114 3618 1246 3686 quonism
1265 3618 1380 3672 circum·

233 3702 302 3757 ferri
315 3702 368 3756 hoc
379 3703 569 3757 testimonium
582 3704 659 3773 dicit,
679 3706 727 3759 sed
740 3705 888 3774 descripsit
901 3723 916 3759 s
929 3706 1021 3761 neseio
1041 3723 1096 3772 quo
1116 3705 1262 3774 proximae
1280 3704 1380 3759 aetatis

233 3790 377 3859 scriptore.
415 3791 448 3844 Id
472 3808 539 3845 vero
564 3791 685 3846 maxime
709 3793 796 3848 miror
814 3793 925 3848 Vellem
944 3794 1018 3848 huno
1046 3794 1137 3848 locum
1159 3810 1273 3861 prorsus
1297 3793 1380 3847 aliter

236 3879 389 3947 explioare3
410 3878 527 3933 mactat
545 3879 618 3934 enim
637 3877 716 3935 haec:
737 3878 909 3949 ‘permetitur
928 3881 1003 3935 dicit
1018 3879 1065 3950 (of.
1078 3879 1164 3935 schol.
1175 3879 1248 3934 Pice.
1263 3879 1336 3934 adh.
1350 3880 1379 3943 l.)

233 3965 265 4020 de
287 3981 453 4034 quocumque
475 3971 508 4020 ut
526 3967 590 4036 (leg.
609 3967 679 4034 ocii)
701 3968 747 4020 sui
770 3967 896 4035 ternporis
914 3962 1030 4035 abiquo’.
1067 3967 1186 4022 Videtur
1206 3967 1293 4037 igitur
1310 3968 1380 4022 illud

236 4053 375 4107 Oaiderini
399 4053 679 4123 interpretamentum
706 4055 735 4108 in
754 4054 851 4109 Vallec
874 4055 970 4109 codice
989 4072 1045 4110 nou
1064 4055 1204 4110 exstitisse
1222 4055 1267 4123 (ci.
1285 4060 1379 4110 tamen

234 4139 331 4194 Valles
350 4141 443 4194 adnot.
462 4142 498 4195 ad
517 4141 590 4196 Ise:
612 4181 618 4195 .
638 4184 644 4196 .
666 4141 760 4196 .Suut
778 4142 825 4210 qui
843 4142 1123 4212 boue-damasippum
1147 4143 1197 4210 qui
1219 4143 1380 4211 orpbouium

234 4227 385 4296 iipiiliuum
408 4229 514 4298 oeiiut);
542 4229 615 4284 unde
639 4230 759 4285 conicias
783 4231 868 4284 etiam
887 4227 1007 4284 alterum
1025 4230 1148 4284 codicem
1166 4234 1227 4284 tum
1248 4231 1278 4284 in
1296 4230 1380 4284 Italia

234 4314 329 4380 fuisse,
347 4315 377 4368 iu
396 4333 451 4383 quo
470 4316 574 4371 scholia
592 4317 772 4372 Iuvenaliene
790 4318 883 4372 nescio
902 4318 979 4372 ouius
997 4319 1081 4386 pretii
1100 4317 1186 4371 Probi
1204 4317 1316 4371 nomine
1336 4335 1378 4372 or·

233 4406 301 4458 nata
325 4407 475 4458 exstarent.
513 4404 640 4459 Ceterum
664 4405 700 4460 of.
720 4423 791 4474 quse
808 4406 843 4460 de
860 4406 944 4460 Probi
968 4406 1080 4460 nomine
1098 4405 1173 4460 inira
1190 4423 1217 4475 p.
1231 4405 1266 4458 73
1285 4405 1378 4478 dispu-

235 4495 388 4546 tuterunt.
