3266 4914
943 1089 1002 1151 67⁷
1015 1098 1127 1151 utrum·

950 1211 1007 1270 quc
1023 1191 1116 1252 schol.

337 1626 346 1658 ¹
365 1625 459 1680 Valla:
485 1623 617 1682 Graecam
634 1625 733 1680 arbem.
752 1640 834 1693 qaam
851 1625 961 1680 romarii
983 1623 1061 1680 viciis
1084 1638 1241 1694 craecorum
1258 1622 1378 1689 feceruut

232 1728 367 1783 marcam.

338 1800 461 1855 ²Vultu:
480 1799 567 1870 Syrtes
585 1800 617 1854 ia
634 1799 765 1870 ttyberim
790 1799 904 1868 detlsmit
923 1804 1038 1854 orontes.
1069 1797 1148 1869 syria
1174 1798 1208 1852 ab
1236 1793 1379 1851 antiochia

234 1894 328 1945 oronte
346 1905 426 1944 omae
443 1887 586 1946 dividitor.

336 1976 462 2032 ³Vslls:
496 1976 537 2031 m
563 1992 624 2031 cam
643 1975 760 2046 tybicine
778 1975 894 2031 chordas
911 1975 1043 2045 obliquas.
1070 1974 1103 2029 iet
1129 1979 1168 2028 est
1194 1972 1314 2029 rusticas
1340 1971 1381 2026 oei

235 2081 303 2134 quas
322 2065 455 2134 tyticiaes
473 2065 505 2118 ia
523 2065 660 2134 obliquam
677 2069 809 2134 tanquan
835 2063 870 2118 cf.
902 2063 1026 2118 Crsmsri
1052 2063 1089 2132 (p.
1107 2062 1154 2133 82)
1186 2066 1214 2116 st
1242 2060 1379 2129 Schopeni

235 2154 263 2222 (1.
283 2171 306 2207 c.
326 2170 354 2221 p.
376 2151 440 2221 351)
462 2151 498 2207 ad
515 2152 568 2207 hoe
585 2152 669 2207 schol.
689 2156 777 2206 notes.

334 2238 460 2295 ‘Vellez
488 2239 611 2295 Grotiiia
638 2246 780 2310 tympano.
805 2239 935 2310 phryyia.
960 2238 1107 2294 orientalia
1128 2237 1216 2307 yemis
1232 2251 1312 2302 saae,·
1343 2233 1378 2288 ci.

234 2329 317 2400 gloss.
334 2328 425 2382 interl.
445 2327 504 2382 cod.
525 2327 601 2382 Voss.
620 2346 662 2382 nr.
674 2329 718 2382 18:
738 2327 869 2398 sectilia:
886 2327 976 2397 tricia
993 2327 1033 2382 oei
1051 2341 1117 2380 suae
1134 2323 1232 2395 oratis,
1252 2327 1281 2377 ct
1294 2322 1379 2378 schol.

235 2417 357 2472 ciusdem
376 2416 448 2471 coda
466 2415 593 2486 cratitio:
626 2416 712 2485 Apud
728 2416 841 2487 frictam
856 2415 951 2486 primo
971 2415 1156 2485 timpoaoram
1175 2427 1241 2468 asses
1258 2417 1380 2480 seratas

236 2511 274 2560 cst
292 2505 341 2560 abi
358 2509 443 2558 mater
460 2503 537 2560 mmo
556 2503 662 2558 coiitar.

334 2593 351 2624 ὅ·
363 2591 456 2646 Valle:
477 2591 574 2646 Iassos
589 2597 715 2661 prostare
731 2593 847 2660 melias.
860 2597 886 2646 ct
905 2592 955 2648 too
968 2608 986 2646 a
1000 2606 1105 2662 arceas
1122 2588 1287 2644 translatam
1297 2586 1379 2652 dicit5

234 2679 269 2734 cf.
290 2679 422 2748 Schopen.
442 2681 460 2734 1.
479 2696 502 2734 c.
521 2697 549 2748 p.
569 2681 620 2732 351
641 2684 669 2734 st
688 2679 785 2734 vallic
804 2680 884 2734 adv.
904 2681 939 2734 62
968 2678 1193 2734 adnotationem:
1229 2675 1316 2744 Syrus
1338 2673 1381 2728 de·

234 2766 317 2835 fiuxit
343 2771 460 2821 orontes.
489 2766 584 2836 oraret
611 2766 702 2836 inquit
728 2767 774 2823 isec
796 2768 889 2822 omnia
911 2783 930 2821 a
953 2767 1037 2836 syriis
1061 2763 1180 2819 mutuati
1202 2778 1306 2817 romcm
1330 2761 1380 2815 asi-

232 2859 361 2910 ocseraat
379 2859 430 2908 etc.

335 2940 457 2996 ⁶Vullu:
477 2942 561 2998 Picta
576 2943 651 3012 iupa.
670 2949 771 2998 ornata
783 2944 924 3012 morisim
945 2943 979 2998 ci.
1000 2941 1084 2996 schol.
1104 2939 1164 2994 cod.
1183 2939 1260 2994 Voss.
1273 2956 1316 2992 nr.
1332 2939 1376 2990 18:

233 3030 299 3098 iupa
313 3029 392 3097 picta
411 3028 429 3082 i.
449 3035 551 3085 oracta
568 3030 697 3086 meretrix
715 3031 781 3100 qaia
798 3032 951 3086 meretrices
970 3031 1051 3098 tapes
1067 3027 1197 3083 dixerant
1208 3027 1244 3081 ab
1258 3025 1380 3082 auaritia

233 3115 288 3174 sire
306 3134 324 3172 a
341 3118 452 3185 feritate
470 3117 600 3173 tossicis.

333 3206 457 3261 ’Vullm
487 3206 575 3262 Sumit
592 3207 756 3277 rechedipna
775 3207 890 3276 quiriae.
919 3205 1081 3275 rechedipaa
1102 3205 1194 3274 iuquit
1213 3204 1317 3258 Probra
1336 3219 1379 3257 ca-

202 3334 205 3340 .
232 3294 356 3349 raetiam
373 3312 467 3350 coenas
484 3295 641 3350 remittente
655 3295 820 3364 parasitica.
838 3297 878 3350 oei
890 3295 1021 3364 coliculos
1033 3308 1144 3363 arascos
1157 3291 1226 3346 dicit
1239 3291 1285 3352 (ci.
1297 3290 1380 3344 Scho-

232 3383 298 3452 pcni
314 3383 341 3451 [1.
360 3401 382 3438 c.
401 3401 428 3453 p.
451 3383 514 3451 sm]
529 3388 558 3438 et
570 3383 661 3437 luhnii
672 3384 716 3438 ud.
731 3383 759 3436 h.
779 3384 797 3438 1.
817 3384 947 3453 adusti).
968 3381 1209 3437 marterteram
1219 3379 1380 3448 perecriaas

232 3469 308 3526 vietis
327 3471 482 3538 (stamme
494 3471 627 3526 Pithoeus
640 3476 668 3526 st
681 3471 853 3542 Schopsnus)
867 3470 1070 3526 coaeeaieatee:
1091 3468 1131 3524 oei
1148 3472 1188 3522 est
1199 3465 1379 3536 recitediprsa:

232 3563 263 3612 at
281 3563 366 3626 putat
390 3559 470 3613 etiam
494 3559 599 3615 Probae
621 3561 679 3629 ipse
702 3559 750 3629 qai
773 3576 882 3614 coenam
903 3559 958 3625 fert
983 3556 1029 3626 (ci,
1050 3555 1271 3612 Schurtefleisch.
1290 3555 1379 3624 spicil.

233 3645 391 3701 animadvv.
411 3647 441 3700 iu
458 3647 518 3702 Iuv.
537 3651 601 3701 sett.
621 3665 648 3716 p.
667 3649 703 3704 20
723 3666 764 3717 sq.
795 3652 823 3702 et
852 3645 1008 3701 Heinrichii
1036 3645 1131 3699 adnot.
1151 3645 1187 3699 ud
1205 3645 1380 3700 ‘currentiam

233 3733 271 3788 ad
289 3736 404 3789 eoenam’
423 3735 441 3787 1.
461 3751 483 3789 c.
502 3752 529 3804 p.
550 3735 623 3804 352).
643 3734 719 3802 Quae
738 3740 881 3790 secuntur:
900 3740 932 3788 at
949 3734 987 3788 sit
1004 3733 1082 3788 orsio:
1103 3733 1242 3802 oqairiae
1259 3732 1304 3787 iile
1316 3737 1380 3786 toas

232 3821 351 3876 rusticas
370 3821 533 3892 rechedipaa
550 3822 633 3876 sumit
651 3827 676 3876 et
692 3822 747 3889 fert
765 3823 895 3878 niceteria
912 3823 976 3877 colio
994 3821 1181 3884 caeromatieo,
1213 3837 1247 3874 eu
1264 3820 1300 3873 sb
1319 3819 1379 3888 ipso

234 3909 315 3964 Valle
334 3911 442 3966 adiectu
460 3910 586 3965 eissille
604 3910 745 3964 locutione
772 3912 811 3964 ‘ut
829 3912 866 3965 sit
884 3911 959 3966 ordo'
977 3911 1122 3981 probatur,
1148 3914 1180 3964 ut
1208 3926 1279 3977 quac
1304 3909 1380 3976 quod

233 3999 407 4052 meminerim
426 3999 455 4051 in
467 3998 628 4052 Pithossnis
647 3997 758 4052 scholiis
776 4016 914 4067 nusquam
927 3999 1095 4068 inveniatur,
1113 3997 1272 4067 saepissime
1286 4001 1379 4050 autem

235 4085 351 4139 uVallu
369 4091 520 4155 usurpetur
541 4090 710 4141 structurum
729 4086 937 4142 enuntiatorum
957 4088 1139 4157 explicatus-o.
1176 4086 1234 4138 Ium
1254 4083 1379 4150 sequitur

234 4173 264 4226 in
276 4171 373 4227 Valluc
392 4174 592 4229 commentario
611 4175 689 4244 prius
708 4175 783 4243 quod
802 4181 844 4230 est
861 4176 890 4229 in
905 4176 982 4230 codd.
994 4175 1083 4229 Mout.
1093 4179 1121 4228 et
1134 4173 1216 4243 Ssng.
1232 4171 1377 4237 scholium,

234 4259 282 4314 ssd
303 4261 430 4314 omnibus
449 4260 508 4315 fers
526 4262 617 4316 verbis
636 4279 653 4316 s
670 4261 753 4317 Vsllu
772 4263 902 4318 mutetis:
922 4268 947 4317 et
965 4268 1004 4318 est
1022 4278 1118 4318 seusus
1137 4261 1216 4329 (hacc
1233 4258 1336 4313 locutio
1349 4257 1379 4310 in

233 4347 395 4402 PIthosanis
415 4365 525 4418 quoque
543 4349 655 4404 scholiis
675 4354 783 4420 exstut;
811 4351 847 4406 cf.
866 4351 961 4406 scholi.
982 4351 1018 4405 ud
1035 4351 1072 4404 IV
1092 4352 1134 4404 67.
1161 4347 1198 4402 Vl
1227 4349 1289 4402 664.
1317 4346 1369 4398 5⁶1⁰

233 4435 451 4505 v11196.131).·
485 4436 587 4492 esttibi
607 4439 743 4493 oromate
765 4439 863 4493 rustici
890 4439 933 4492 toi
958 4439 990 4492 ia
1013 4453 1114 4492 orarem
1138 4435 1261 4505 diffracti
1283 4433 1309 4488 tr·

234 4523 290 4578 Iam
309 4524 462 4581 didicerant
480 4530 505 4581 et
519 4525 671 4593 palaestris
688 4527 749 4593 frat
767 4531 792 4580 et
810 4525 974 4596 syliaeteriis
990 4531 1021 4579 at
1040 4526 1077 4580 aci
1092 4525 1206 4581 molliter
1222 4527 1289 4580 certe
