3266 4914
503 496 563 553 238
576 500 686 552 utrum-

501 613 558 673 que
574 590 684 652 eohol.¹

258 1195 317 1252 246

259 1295 318 1352 247

738 1377 815 1441 *249
828 1382 910 1458 prius

258 1491 317 1549 249
327 1491 454 1548 alterum
813 1483 925 1544 schol.⁶

346 1588 439 1648 schol.
957 1581 1155 1639 ⁰250utrum·

970 1701 1026 1758 quc
1043 1679 1156 1740 schol.⁶

256 1992 453 2002 ....—--—-

358 2135 365 2166 ¹
383 2132 478 2186 Valle:
510 2131 660 2200 Eriperent
676 2145 798 2184 somnum
815 2129 906 2184 druso.
931 2130 979 2199 oui
995 2129 1191 2184 somniculosus
1210 2133 1269 2182 erat
1288 2165 1403 2182 .....

263 2220 412 2290 titulisque
429 2218 554 2274 marinis.
571 2217 651 2272 vituli
669 2218 738 2272 enim
757 2217 857 2273 nearini
868 2218 981 2272 multum
994 2217 1148 2286 sopiuntur.
1168 2215 1208 2270 cf.
1222 2217 1306 2270 etiem
1319 2217 1404 2284 gloss.

256 2307 348 2362 interl.
368 2307 427 2362 cod.
447 2307 524 2362 Voss.
544 2324 587 2360 nr.
609 2307 652 2360 18:
673 2305 767 2360 druso:
788 2305 860 2360 deest
884 2305 973 2360 etiam.
1000 2321 1051 2372 pro
1077 2304 1193 2374 quolibet
1219 2304 1415 2360 somniculosa?

356 2395 479 2450 ²Vvlle:
498 2395 539 2450 Et
562 2394 665 2464 inpenti
690 2423 722 2433 -
742 2394 856 2448 liburno.
884 2393 1019 2448 libmnnm
1042 2393 1164 2448 lecticam
1186 2409 1313 2463 mapvom
1336 2391 1404 2448 elicit

257 2487 388 2552 tanquam
411 2482 551 2552 naoipium
569 2488 594 2560 et
613 2483 670 2538 nne
686 2481 791 2537 valens
809 2482 931 2536 liburnos
949 2482 1007 2551 lpse
1025 2481 1092 2536 alibi
1111 2487 1187 2536 vocat
1205 2481 1282 2536 tante
1300 2481 1404 2537 venisse

255 2570 379 2626 liburnus
402 2569 511 2626 elicitur.
542 2569 596 2624 Est
615 2576 639 2626 et
658 2570 784 2624 lilsnrnns
799 2570 877 2624 navis
895 2569 995 2640 species
1016 2587 1034 2624 a
1052 2569 1170 2624 liburnis
1184 2569 1298 2638 populis
1319 2609 1325 2622 .
1345 2609 1375 2624 ..
1397 2609 1402 2623 .

256 2659 302 2712 Ad
326 2663 480 2712 extremam
500 2662 612 2727 portem
630 2658 712 2712 huius
732 2657 832 2714 scholii
851 2657 886 2712 ef.
905 2658 988 2728 gloss.
1007 2658 1099 2712 interl.
1120 2657 1180 2712 eod.
1196 2655 1276 2712 Voss.
1295 2675 1337 2711 nr.
1358 2655 1403 2710 18:

256 2746 376 2800 liburno:
395 2745 442 2800 lnc
459 2747 514 2800 loco
531 2746 649 2800 lecticam
668 2745 811 2814 sipnislcat.
830 2750 870 2800 est
888 2746 969 2799 etiam
997 2745 1120 2799 liburnus
1136 2761 1221 2814 penus
1239 2745 1357 2815 navipir',
1376 2749 1405 2800 et

257 2834 343 2888 schol.
362 2834 485 2888 eiusdem
498 2834 571 2888 cod.:
592 2834 713 2888 libuino:
732 2848 816 2902 penne
834 2833 947 2888 vehiculi
962 2832 992 2886 in
1011 2832 1116 2887 moolum
1134 2833 1222 2888 novis.
1241 2849 1305 2887 nom
1322 2833 1404 2888 itone·

256 2938 319 2984 usim
342 2921 457 2976 dicimus
478 2938 593 2990 parvam
615 2922 775 2976 naviculam·
797 2937 852 2989 pua
876 2922 966 2975 utitur
984 2921 1154 2974 liburnorum
1169 2937 1234 2990 pens
1249 2921 1405 2990 pyraticam

257 3025 387 3066 consens.
408 3039 440 3048 -
460 3010 643 3064 Pithoesnum
664 3010 699 3064 sd
719 3010 744 3063 h.
756 3011 773 3063 l.
786 3009 920 3064 scholium
933 3010 974 3063 ite
987 3009 1046 3064 fere
1058 3009 1143 3063 scribi
1156 3010 1251 3064 velim:
1272 3009 1404 3064 liburno.

258 3117 276 3152 a
293 3098 388 3152 lectica
406 3113 506 3167 mopnv
527 3098 667 3153 liburnam
680 3114 748 3166 onae
765 3099 843 3152 labet
854 3099 959 3166 percitos
971 3098 1093 3152 liburnos
1104 3102 1156 3152 etc.
1171 3097 1217 3166 (cl.
1232 3097 1317 3152 schol.
1329 3097 1404 3151 Pith.

257 3187 295 3256 vd¹
311 3185 349 3240 VI
362 3185 435 3254 477).
1353 3196 1354 3200 ’

358 3275 369 3308 ³
388 3273 479 3328 Valla:
500 3273 590 3342 Atque
608 3273 694 3328 obiter
713 3273 784 3343 lepct.
806 3273 891 3328 obiter
910 3273 1081 3340 sinvnlalone
1092 3272 1201 3328 interim
1214 3272 1293 3340 qnasi
1305 3273 1405 3327 circam

257 3364 316 3418 iter.
337 3363 377 3417 cf.
388 3362 471 3432 gloss.
482 3362 575 3416 interl.
588 3361 645 3416 cod.
658 3362 735 3416 Voss.
743 3380 785 3415 nr.
800 3363 843 3416 18:
863 3361 961 3416 obiter:
979 3362 1019 3416 vel
1036 3360 1117 3416 simul
1131 3361 1241 3430 pariter
1257 3359 1288 3414 in
1307 3361 1402 3426 eundo,

256 3456 285 3506 et
303 3452 425 3506 eiusdem
444 3451 504 3505 ovd.
523 3450 671 3504 scholium:
691 3451 777 3504 obiter
794 3448 897 3511 icium
915 3449 945 3502 in
963 3448 1063 3504 itinere
1081 3453 1121 3503 cst
1138 3453 1164 3503 ct
1182 3449 1246 3503 dnm
1264 3448 1317 3504 iter
1333 3447 1405 3516 facit

257 3540 337 3608 quasi
354 3539 453 3594 circum
471 3539 538 3593 itur.
576 3537 664 3592 Gloss.
678 3539 778 3592 Parin:
798 3538 882 3592 obiter
899 3537 930 3591 iel
948 3542 988 3592 est
1006 3537 1092 3591 amul.

359 3627 480 3681 ⁴Valla:
506 3626 594 3682 Unda.
614 3626 767 3682 multitudo.

357 3717 367 3748 ⁵
386 3714 478 3770 Valla:
490 3714 569 3770 Ferit
578 3715 621 3770 liic
631 3717 707 3770 alter.
724 3715 872 3770 lecticarios
883 3714 951 3770 elicit
964 3730 996 3768 ac
1006 3715 1111 3784 peruios
1121 3713 1248 3780 etfabros
1258 3715 1404 3785 tipnarios.

357 3807 368 3838 ⁶
386 3803 479 3858 Vella:
499 3804 599 3858 Nonne
617 3804 690 3860 vicies
710 3809 810 3873 quanto
827 3804 977 3858 celebmtur
995 3803 1117 3870 sportula
1135 3805 1219 3871 fumo.
1239 3809 1342 3872 quanta
1355 3804 1405 3870 fiat

257 3892 383 3947 invitatio
405 3909 464 3946 cnm
489 3893 537 3962 qni
557 3893 709 3962 sportulam
732 3897 910 3962 accceperant
936 3891 1083 3946 coavivium
1106 3891 1138 3945 cte
1159 3891 1208 3946 illu
1229 3891 1282 3946 sthi
1297 3893 1405 3958 saciant

258 3981 289 4034 in
307 3997 450 4035 commuue.
475 3986 583 4035 tontum
602 3981 714 4050 quisquo
732 3980 884 4034 convivium
902 3979 934 4034 ete
950 3980 999 4034 illa
1017 3979 1070 4034 sibi
1084 3981 1227 4050 pulmenta
1243 3981 1405 4046 conserentes

256 4067 373 4135 faciunt.
393 4098 426 4108 ·-
447 4069 538 4124 Schol.
558 4069 617 4124 eod.
637 4068 714 4122 Voss.
734 4085 776 4122 nr.
793 4069 837 4120 18:
859 4068 959 4122 Nonne
978 4067 1062 4122 vides:
1083 4067 1195 4138 Quanto
1212 4067 1339 4121 invitatio
1355 4067 1406 4133 fiat

255 4173 314 4211 cnm
333 4158 380 4226 qni
398 4159 547 4226 sportulam
567 4159 719 4228 occeperint
738 4157 887 4212 convivium
907 4157 1013 4224 famant
1032 4157 1174 4212 collatione
1192 4154 1331 4211 communi.
1360 4153 1406 4208 Se·

257 4245 353 4313 quitur
377 4249 410 4299 ut
434 4246 463 4299 in
488 4247 593 4300 scholio
612 4247 766 4301 Pithoeeno
785 4245 933 4316 legendum
952 4245 1000 4298 sit:
1028 4244 1157 4300 invitatio
1175 4243 1234 4310 fiat.
1271 4242 1405 4296 Extrema

257 4337 350 4387 aulem
372 4349 437 4401 pars
461 4334 703 4402 interpretamenti
722 4333 845 4390 Vallisni
873 4351 907 4388 ex
935 4333 1045 4388 scholiis
1068 4333 1142 4387 Pith.
1165 4331 1201 4386 sd
1220 4351 1246 4385 v.
1264 4332 1318 4384 250
1341 4347 1404 4384 con·

257 4419 324 4473 fleta
343 4437 401 4472 cese
422 4419 541 4474 videtur.
578 4421 686 4476 Deinde
704 4421 796 4475 Valla:
816 4419 921 4476 Cutina.
941 4421 1065 4489 coquina.
1085 4420 1126 4474 Cf.
1139 4420 1221 4489 gloss.
1234 4418 1327 4472 interl.
1343 4435 1380 4472 ce·

258 4507 331 4560 tonis
359 4507 556 4590 sangallensis:
585 4507 696 4563 Cutina:
722 4507 840 4577 coquina
859 4508 933 4576 opuel
950 4513 1056 4576 vctcrm,
1084 4512 1112 4562 et
1130 4508 1212 4578 gloss.
1232 4506 1323 4562 interl.
