3266 4914
236 3301 434 3311 --—-—.-—-

333 3421 341 3452 ¹
361 3417 453 3472 vallat
474 3419 607 3473 Nummos
624 3422 743 3487 raptura
761 3417 855 3472 eeleuo.
873 3417 900 3470 si
910 3431 979 3470 uuor
992 3421 1040 3470 tua
1051 3431 1105 3470 uou
1117 3415 1213 3484 rapiat
1232 3413 1374 3483 quiequam

230 3509 261 3558 ut
279 3504 400 3576 harpyia
419 3546 533 3562 .....

332 3591 453 3646 ²Vellu:
474 3595 588 3649 Hebetes
608 3623 640 3633 ·-·
661 3609 772 3649 recures.
792 3594 891 3648 hebetes
909 3593 1036 3647 oubtuoae
1054 3607 1133 3662 saepe
1148 3590 1278 3658 feriendo.

329 3679 452 3734 ⁸Valla:
474 3680 604 3749 Tempora
619 3681 787 3750 pauuouioo.
816 3679 929 3748 quidum
956 3679 1055 3735 habeut
1072 3677 1182 3733 cuites.
1211 3677 1290 3732 multi
1313 3692 1373 3732 uero

230 3765 372 3820 soutour'oo
375 3806 491 3821 .....
510 3767 567 3822 uiri
579 3769 652 3837 quod
663 3767 769 3822 Probus
780 3767 992 3838 interpraetatur
1003 3767 1145 3822 soutoutoo
1155 3767 1271 3821 ououtlo:
1281 3765 1373 3835 patero

228 3851 306 3918 fusco
324 3858 349 3907 et
367 3853 479 3908 horrido
497 3854 678 3910 ardettuuouto
698 3856 790 3924 quater
808 3861 873 3910 suut
896 3855 1112 3910 tutruueutoruru
1137 3860 1186 3909 aut
1210 3870 1244 3908 eu
1267 3855 1375 3907 lucerua

230 3940 309 4009 turpi
325 3940 447 3996 iutiuoto.
469 3941 509 3996 Cf.
520 3942 694 3996 schotoodd.
709 3943 786 3996 Voss.
806 3960 848 3996 nr.
869 3944 901 3996 18
921 3947 949 3997 et
962 3945 1008 3998 64:
1029 3941 1191 3996 Santonico:
1209 3940 1374 3996 Sautour'oue

141 4020 145 4028 ’
229 4029 299 4082 color
317 4035 355 4082 est
371 4030 467 4096 fusore
485 4035 510 4084 et
530 4030 686 4093 attissimus,
705 4047 758 4099 quo
780 4030 938 4097 inficiebant
958 4047 993 4098 se,
1017 4030 1064 4098 qui
1084 4029 1121 4083 art
1140 4030 1260 4097 lupanar
1282 4043 1376 4098 perpe·

230 4117 305 4184 baut,
325 4133 359 4170 ue
376 4123 594 4186 apportarentur,
613 4122 642 4172 et
661 4119 786 4173 Cromeri
804 4119 839 4172 ad
858 4119 885 4173 h.
905 4118 990 4172 schol.
1011 4117 1104 4171 adnot.
1129 4117 1148 4170 l.
1169 4133 1191 4171 o.
1210 4135 1239 4186 p.
1259 4118 1312 4169 326
1330 4133 1373 4184 sq.

330 4207 342 4237 ⁴
360 4205 452 4258 Valla:
473 4205 563 4261 Multo
580 4207 742 4274 sufflamine.
753 4209 836 4262 mutto
856 4206 978 4260 anhelitu
993 4210 1041 4259 aut
1052 4205 1211 4260 retinaculo.
1229 4203 1373 4270 sufflamen

230 4291 299 4346 euim
318 4293 410 4362 iuquit
429 4293 533 4348 Probus
552 4294 621 4349 tttua
637 4295 777 4350 m-aehiuoe
794 4311 878 4364 pertus
898 4300 937 4348 est
955 4310 1007 4362 quo
1025 4293 1057 4347 iu
1080 4294 1233 4348 catabatmo
1262 4292 1310 4346 hoa
1335 4295 1374 4344 est

228 4379 260 4432 tu
277 4379 404 4433 deueruu
422 4381 462 4435 uel
478 4397 613 4450 procursu
630 4381 716 4436 uitato
735 4387 795 4436 rota
814 4383 879 4436 solet
896 4381 1010 4435 retineri
1035 4420 1041 4433 .
1061 4419 1066 4432 .
1087 4423 1093 4436 .
1118 4423 1123 4434 .
1157 4379 1263 4433 Eadem
1281 4395 1326 4432 res
1345 4381 1374 4430 et

230 4465 259 4518 in
278 4465 438 4521 Pithoeunis
458 4472 486 4522 et
504 4469 534 4522 in
552 4468 693 4524 Vossiunis
711 4467 823 4524 scholiis
841 4468 924 4537 plano
943 4467 1004 4521 aliis
1023 4467 1116 4523 vorbis
1135 4466 1300 4535 explicatur.
