3250 4914
810 323 842 376 10

351 497 417 558 Iuv.
445 497 521 558 XIV
554 499 627 558 162:
658 501 830 574 epirotichos
861 519 1008 578 suprascr.
1037 521 1076 560 m.
1106 519 1163 562 see.
1179 497 1220 576 (I)
1251 502 1406 561 vocabulo

252 597 396 657 onolomoa.
424 629 458 639 -
483 599 641 658 Invenitur
665 601 696 658 in
718 601 784 661 cod.
805 601 893 660 Voss.
917 619 961 660 ur.
988 603 1034 660 18.

350 697 416 756 Inv.
438 698 515 758 XVI
541 701 593 759 12:
627 703 797 774 desperante
828 702 929 762 verbis
959 703 1070 761 medico
1101 703 1146 761 ad
1180 721 1327 779 suprascr.
1361 722 1404 762 m.

253 813 310 854 sec.
337 827 372 837 —-
396 797 505 857 Exstat
525 801 555 859 in
578 801 660 860 codd.
685 801 774 861 Voss.
797 821 841 860 nr.
866 804 905 862 18
927 802 1001 862 bibl.
1024 801 1107 879 publ.
1128 821 1173 862 nr.
1196 803 1246 862 82.

351 899 416 960 Iuv.
439 901 515 962 XVI
540 903 592 960 13:
624 903 644 961 ι’.
667 902 765 976 qualia
791 902 851 974 fao't
878 903 973 962 borda
993 923 1031 962 m.
1056 920 1114 961 sec.
1137 901 1233 962 adscr.
1256 902 1293 961 ad
1315 903 1402 962 Bar·

252 997 363 1058 dnicae.
391 1031 424 1040 -
449 1001 559 1061 Exstat
581 1002 682 1061 eadem
705 1002 808 1078 glossa
829 1003 860 1061 in
883 1002 966 1063 codd.
983 1003 1071 1062 Voss.
1097 1021 1141 1062 nr.
1160 1003 1198 1062 18
1221 1003 1293 1062 bibl.
1316 1002 1401 1079 publ.

251 1117 296 1157 ar.
319 1099 370 1158 82.

351 1200 417 1262 Iuv.
430 1202 506 1262 XVI
522 1203 575 1261 51:
597 1205 617 1262 ι’.
639 1203 690 1278 qai
711 1207 858 1264 castrense
873 1204 1024 1278 medinm
1039 1205 1162 1264 ldrcram
1175 1203 1288 1263 bahem.
1316 1202 1400 1262 Haec

253 1322 290 1360 m.
313 1320 371 1360 seo.
395 1321 544 1379 suprascr.
572 1308 642 1362 sunt
666 1303 766 1364 verbis
789 1305 948 1365 Praetereo
976 1305 1103 1364 testandi
1127 1305 1189 1363 mil.
1216 1333 1249 1344 -
1280 1302 1399 1363 Inveni-

249 1406 343 1490 untur
363 1401 395 1459 in
417 1401 480 1461 cod.
500 1401 574 1462 bibl.
596 1403 678 1481 publ.
701 1404 783 1464 Leid.
807 1423 851 1465 nr.
874 1406 923 1464 82.

350 1499 498 1561 Videntur
525 1504 618 1580 igItur
645 1505 701 1564 hae
731 1505 851 1582 glossae
872 1505 1079 1565 interlineares
1108 1523 1145 1564 ex
1174 1504 1276 1564 eodem
1299 1503 1400 1563 codice

253 1602 445 1680 depromptae
476 1623 551 1680 esse,
583 1605 661 1664 unde
682 1606 861 1683 marginalia
891 1625 996 1666 manus
1028 1605 1174 1664 secundae
1208 1603 1322 1664 scholia
1350 1603 1399 1663 de-

254 1704 364 1780 scripta
389 1710 467 1764 suut.
516 1705 576 1764 Eas
601 1725 674 1766 vero
703 1725 803 1766 omnes
831 1714 861 1766 et
886 1708 969 1784 ipsas
997 1705 1099 1766 acod.
1124 1704 1314 1782 Sangalleusi
1337 1706 1400 1764 870

254 1805 358 1864 abesse
381 1813 609 1866 consentaneum
633 1813 687 1866 est.

351 1906 463 1966 Eodem
487 1907 550 1966 fere
572 1915 704 1985 tempore
728 1905 818 1980 (saec.
841 1909 870 1968 X
891 1915 925 1968 ιιι
940 1908 1091 1968 Bonnetus
1114 1899 1249 1985 indicat),
1273 1926 1331 1984 qno
1355 1927 1399 1965 se·

254 2005 358 2081 cunda,
391 2009 480 2067 tertia
503 2007 647 2086 quaedem
669 2027 773 2067 manus
795 2004 858 2084 (8³)
889 2010 919 2068 iu
946 2009 1008 2069 cod.
1031 2009 1125 2068 Mont.
1155 2007 1299 2066 nonnulla
1320 2005 1399 2066 adie-

254 2107 307 2179 cit3
342 2107 509 2186 exquibus
541 2107 750 2168 additamentis
773 2107 896 2168 Iahnius
925 2110 955 2168 in
979 2129 1063 2168 suum
1086 2107 1267 2169 scholiorum
1291 2127 1398 2184 corpus

253 2207 366 2282 recepit
387 2206 460 2266 haec
481 2207 552 2268 duo:
579 2209 730 2270 Oocchc'h‘o
750 2226 842 2285 ponus
858 2211 960 2283 pects.
984 2240 1023 2250 -
1046 2228 1122 2288 quae
1146 2209 1240 2269 verba
1259 2208 1297 2266 sd
1318 2207 1399 2268 VIII

255 2307 311 2365 101
343 2307 374 2365 in
402 2309 536 2384 margine
563 2309 713 2388 adscripta
741 2317 809 2370 sunt
830 2331 867 2368 m.
892 2316 960 2370 tert.
987 2339 1023 2350 -
1046 2317 1149 2388 atque:
1186 2309 1333 2384 Loquitur
1359 2311 1400 2369 ad

253 2407 418 2480 Poenicum
452 2427 614 2486 quaecum
640 2411 671 2468 in
694 2411 804 2470 codicis
826 2411 960 2486 margine
988 2415 1114 2482 exstent,
1149 2409 1273 2469 Iahnius
1301 2427 1335 2468 ea
1356 2409 1398 2468 iu·

255 2508 410 2584 scriptioni
433 2514 488 2569 sat.
511 2509 559 2568 XI
580 2511 657 2570 falso
683 2510 792 2570 adiecit
800 2509 819 2571 ¹.

354 2607 490 2687 Denique
520 2630 624 2669 manus
647 2611 759 2670 saeculi
780 2611 843 2670 fere
865 2611 924 2672 XV
946 2615 1122 2688 argumente
1154 2610 1340 2686 singulorum
1364 2616 1399 2670 ut

253 2709 296 2767 ita
327 2707 422 2768 dicam
456 2712 585 2789 capitum
608 2717 776 2772 saturarum
797 2713 829 2770 iu
853 2713 986 2788 margine
1007 2712 1119 2788 passim
1140 2710 1303 2770 adnotavit.
1350 2711 1398 2770 Ex

254 2829 312 2887 quo
334 2830 443 2886 genere
465 2813 519 2871 illa
542 2817 618 2887 sunt,
642 2831 718 2890 quae
740 2811 863 2871 Iahnius
885 2812 916 2870 iu
939 2811 1036 2871 adnot.
1060 2811 1125 2870 crit.
1149 2809 1219 2869 edIt.
1240 2809 1344 2870 scholl.
1361 2809 1398 2869 ad

252 2910 320 2969 Iuv.
333 2911 407 2970 VII
432 2919 654 2973 commemorat:
677 2915 754 2988 quod
775 2931 836 2973 ooo
856 2913 894 2972 aa
917 2914 1049 2973 cluoneda
1069 2928 1154 2973 anor.
1180 2905 1322 2986 P(Immo
1345 2910 1399 2969 illa

253 3031 330 3071 saao.
353 3013 413 3073 XV
435 3006 553 3089 manus)
576 3015 617 3073 ad
638 3031 663 3073 o.
688 3016 732 3072 23
753 3013 921 3086 adscripsit.

352 3114 388 3172 In
411 3133 445 3172 ea
467 3114 530 3174 cod.
553 3115 646 3173 Mont.
671 3114 838 3188 collatione,
862 3133 921 3192 qua
942 3135 1014 3174 usus
1035 3120 1081 3174 est
1101 3112 1235 3186 Iahnius,
1263 3133 1339 3191 quae
1361 3113 1398 3172 ab

252 3217 277 3276 I.
295 3216 331 3277 V.
347 3217 469 3276 Bertino
492 3217 625 3276 confecta
649 3221 713 3275 erat
737 3211 787 3290 (of.
803 3215 888 3274 Iahn.
912 3217 957 3276 ed.
980 3217 1047 3277 Iuv.
1070 3217 1175 3276 minor.
1197 3218 1291 3294 praef.
1312 3237 1341 3294 p.
1357 3213 1398 3292 5),

252 3318 336 3377 nulla
367 3318 456 3378 huius
489 3337 626 3378 manuum
656 3317 840 3377 differentiae
862 3319 971 3378 mentio
993 3319 1087 3377 fuisse
1108 3317 1242 3392 videtur;
1275 3317 1398 3376 Iahnius

253 3425 331 3478 certe
360 3419 436 3478 nihil
463 3420 607 3493 eiusmodi
628 3419 657 3478 in
682 3419 779 3479 adnot.
805 3420 870 3478 crit.
895 3419 939 3478 ed.
963 3419 1069 3478 schoII.
1092 3419 1214 3495 profert.
1272 3417 1397 3479 Omnino

255 3603 452 3610 ——————-.

354 3723 362 3754 ¹
383 3722 539 3792 Utrumque
561 3723 842 3792 interpretamentum
861 3724 967 3778 omIttit
985 3723 1125 3778 Pithoeus.
1154 3753 1186 3762 -
1216 3723 1312 3778 Tertia
1330 3722 1399 3777 haec

253 3828 349 3866 manus
363 3809 417 3880 (8⁸)
436 3828 492 3864 non
510 3815 554 3864 tot
572 3810 678 3865 scholia
693 3811 854 3882 glossasque
873 3812 991 3881 addidit,
1011 3817 1079 3881 quot
1097 3812 1225 3881 secunda,
1245 3812 1292 3867 sed
1305 3815 1399 3866 tamen

252 3917 399 3954 numerum
418 3898 485 3952 satis
504 3916 643 3969 magnum.
672 3899 711 3954 Ut
729 3917 795 3954 vero
815 3901 917 3955 certius
936 3901 970 3955 de
992 3901 1045 3956 hac
1063 3917 1173 3969 quoque
1191 3918 1276 3954 manu
1295 3900 1398 3954 iudice·

252 3993 308 4056 tur,
327 3988 471 4056 quaedam,
491 4006 562 4057 quae
580 3988 722 4044 Bonnetus
741 4007 847 4044 mecum
867 3991 1092 4059 communicavit,
1117 3991 1147 4044 in
1165 3991 1288 4046 medium
1306 3989 1397 4059 profe-

252 4094 320 4130 ram.
351 4075 411 4129 Iuv.
426 4076 491 4130 VIII
509 4078 543 4130 94
562 4075 631 4130 haec
649 4095 745 4131 manus
764 4077 815 4148 (8³)
835 4096 894 4133 voc.
915 4078 1014 4133 Pirote
1033 4079 1244 4147 suprascripsit:
1266 4078 1295 4130 a'·
1316 4079 1397 4132 lotro-

252 4181 306 4234 cor,
335 4163 402 4218 VIII
423 4167 472 4218 104
491 4182 575 4234 supra
594 4181 713 4220 mensae:
733 4173 820 4236 crant,
848 4167 915 4220 VIII
937 4169 986 4220 125
1005 4185 1089 4236 supra
1109 4167 1257 4222 sententia:
1279 4169 1306 4220 a·-
1325 4166 1398 4234 ficta,

252 4256 278 4309 X
297 4257 349 4310 335
369 4272 453 4324 supra
471 4260 595 4310 coctano:
613 4257 753 4323 aestatim
772 4257 808 4310 ad
826 4256 852 4310 X
871 4258 923 4310 293
942 4256 994 4312 hoc
1013 4257 1046 4310 de
1065 4256 1196 4311 Lucretia
1215 4256 1350 4310 scholium
1369 4256 1411 4308 in‘

251 4345 378 4415 margine
405 4344 525 4399 addidit:
557 4344 627 4414 Ipsa
645 4345 789 4412 interfecta
808 4346 822 4400 ἒ
840 4362 859 4400 o
872 4351 953 4413 patro
970 4363 993 4415 p
1009 4345 1215 4414 pahhrttudiae
1233 4345 1342 4398 uiciate.
1364 4371 1396 4382 -

252 4432 357 4486 Horum
372 4450 482 4501 quoque
494 4433 595 4488 tertiae
611 4449 708 4486 manus
722 4432 977 4486 additamentorum
991 4431 1020 4486 in
1034 4431 1093 4486 cod.
1107 4429 1279 4499 sangallensi
1292 4445 1334 4480 nr.
1344 4431 1398 4481 870

291 4521 360 4573 'lam
379 4535 539 4602 comparere
557 4521 604 4574 vix
624 4525 665 4574 est
684 4519 758 4590 quod
777 4535 912 4574 moneam.
