3266 4914
760 2027 840 2087 VIII
866 2030 881 2085 1

724 2103 925 2188 (inscriptio)⁸

257 2550 340 2605 Hauc
359 2578 391 2589 -
411 2549 555 2604 barbaros.
583 2550 781 2618 ptolouococoe
798 2566 848 2605 roc
864 2567 901 2604 oo
919 2555 987 2606 certe
1011 2551 1122 2606 horodes
1143 2551 1217 2615 filiae
1240 2551 1341 2605 sororis
1359 2565 1401 2604 so·

256 2637 372 2693 monacis.
391 2637 513 2694 Ioccotoc
527 2668 560 2677 -
573 2638 667 2692 sorori.
686 2637 770 2694 iuliae
789 2654 857 2707 quoe
876 2639 987 2707 cucurti
1003 2639 1059 2706 fuit
1076 2639 1167 2708 neptis
1185 2655 1245 2694 com
1263 2655 1319 2708 ooo
1332 2655 1398 2694 oom-

255 2726 330 2780 micit
349 2726 479 2780 incestum
497 2726 668 2796 quomobrem
687 2726 719 2780 ob
738 2731 853 2794 auocato
872 2727 906 2780 ob
923 2727 986 2782 orbe
1003 2726 1136 2796 releuatus
1159 2731 1206 2780 est.
1232 2731 1298 2795 post
1316 2742 1400 2794 auqu-

255 2819 326 2868 otom
344 2814 421 2868 iusso
440 2815 559 2884 thytcrii
576 2817 682 2870 occisos
700 2819 746 2870 cst.
775 2831 839 2869 uum
857 2831 913 2868 com
943 2831 976 2870 ec
998 2813 1134 2870 scribonio
1161 2829 1245 2868 acore
1269 2819 1402 2883 ooqostos

257 2906 308 2956 eto.
328 2902 408 2970 (haec
426 2903 460 2956 de
478 2903 600 2972 Augusti
628 2902 736 2958 familis
760 2902 880 2956 conflata
904 2906 968 2956 sunt
987 2919 1021 2956 ex
1047 2901 1121 2956 Suet.
1141 2903 1214 2971 Aug.
1233 2919 1311 2971 capp.
1331 2903 1401 2956 63-

257 2989 303 3058 65)
322 2989 517 3058 ...cuidam
533 2990 671 3044 beronicen
689 2991 770 3044 olunt
789 2989 896 3044 toedio
912 2989 998 3057 filiam
1017 2993 1068 3044 etc.
1100 2989 1150 3043 llic
1167 2990 1243 3042 locus
1261 2990 1401 3044 luculento

258 3077 383 3144 exemplo
403 3080 581 3146 potestesse,
602 3094 657 3144 qua
676 3076 793 3144 ratione,
811 3077 896 3130 immo
917 3094 971 3146 qua
990 3077 1193 3132 licentiaValla
1210 3077 1295 3132 Probi
1314 3078 1402 3132 inter·

257 3167 434 3233 pretamenta
451 3164 481 3217 in
499 3180 580 3217 usum
599 3180 678 3217 suum
697 3163 876 3231 converterit,
904 3164 1023 3218 aliorum
1050 3165 1220 3234 scriptorum
1250 3165 1324 3220 locos
1352 3166 1399 3220 od-

257 3252 409 3320 miscuerit,
428 3251 562 3306 adiecerit
581 3269 639 3306 sua.
670 3250 774 3304 Mirum
792 3251 822 3304 id
841 3252 931 3306 solum
949 3269 1012 3306 eum
1030 3269 1119 3321 neque
1138 3253 1171 3306 L.
1189 3253 1303 3308 Aemilii
1321 3254 1403 3308 Pauli

258 3339 457 3394 coniurationis
475 3340 644 3394 mentionem
662 3338 754 3394 facere
771 3355 861 3407 neque
874 3338 908 3392 de
920 3338 1027 3408 duplici
1039 3339 1127 3394 Iuliae
1138 3341 1310 3410 relegatione
1323 3359 1401 3396 occu·

257 3428 346 3482 ratius
359 3428 474 3494 referre,
493 3445 554 3482 cum
573 3433 694 3496 utraque
712 3445 756 3482 res
774 3431 906 3482 narretur
924 3426 1029 3481 scholio
1042 3427 1196 3482 Pithoeano
1212 3428 1309 3483 altero.
1329 3428 1402 3496 Quo-

258 3516 333 3569 niam
349 3533 415 3570 vero
430 3516 583 3570 clausulam
603 3516 662 3570 eius
677 3515 751 3586 (post
766 3545 795 3554 -
810 3515 969 3582 interfectos
986 3520 1034 3579 cst)
1054 3516 1139 3570 tertio
1154 3515 1402 3585 interpretamento

258 3603 413 3657 Pithoeano
433 3603 550 3675 (dequo
569 3603 604 3658 cf.
623 3603 755 3673 Schopen.
770 3604 788 3656 l.
799 3621 822 3658 c.
841 3621 867 3672 p.
882 3605 942 3668 380)
956 3603 1153 3674 adglutinavit,
1172 3605 1233 3658 veri
1252 3605 1341 3660 simile
1359 3607 1402 3658 est

259 3708 322 3744 eum
340 3691 410 3744 illud
429 3709 540 3760 quoque
558 3691 699 3762 integrum
719 3691 749 3744 in
777 3691 871 3746 codice
890 3709 939 3745 suo
969 3691 1115 3754 invenisse,
1143 3691 1172 3744 in
1200 3692 1401 3748 commentario

259 3782 352 3834 autem
371 3779 433 3834 ideo
455 3779 605 3834 maximam
623 3784 732 3849 partem
750 3779 977 3850 praetermisisse,
996 3779 1062 3850 quia
1080 3781 1110 3834 in
1128 3779 1187 3832 eius
1207 3779 1297 3833 locum
1320 3780 1403 3848 plura

258 3871 287 3924 et
305 3867 436 3922 uberiora
454 3867 656 3922 substituturus
675 3871 737 3922 erat
755 3884 770 3921 e
789 3865 928 3921 Suetonio.
958 3866 1060 3934 Quodsi
1080 3867 1150 3937 legit
1169 3867 1240 3920 illud
1258 3867 1402 3934 scholium,

259 3975 292 4010 ex
315 3955 407 4012 verbis
430 3955 488 4010 eius
507 3955 631 4010 conicias
657 3973 708 4025 pro
735 3955 874 4024 corruptis
898 3971 974 4010 voco.
1005 3955 1031 4009 ‘o
1057 3955 1181 4011 borboro’
1198 3955 1401 4012 restituendum

260 4061 318 4100 esse
335 4061 392 4098 non
409 4045 451 4099 ‘ab
470 4044 527 4098 ooo’
545 4043 593 4098 sed
611 4045 652 4098 ‘ab
671 4045 750 4099 orbe’.

361 4134 370 4164 ¹
390 4131 483 4186 Valla:
509 4132 682 4186 Venusinam.
698 4149 857 4203 pauonem.
876 4133 908 4188 dc
925 4131 1035 4188 ocooso'o
1053 4131 1163 4200 oppido.

360 4221 370 4252 ²
387 4219 479 4274 Valla:
500 4219 552 4274 Nil
565 4219 646 4288 pueri
664 4219 780 4288 faciunt.
792 4221 831 4276 sic
842 4220 981 4276 Lucanos.
1000 4218 1113 4274 crimine
1128 4218 1288 4288 quidporoi
1298 4216 1404 4272 caedem

256 4315 370 4380 potuero
386 4309 491 4365 mereri.

360 4397 371 4428 ³
390 4396 483 4452 Valla:
502 4397 649 4453 &consuto
661 4426 690 4436 -
703 4397 814 4452 censeri.
834 4397 918 4452 Hono
931 4393 967 4450 orl
975 4396 1118 4464 ponticum
1135 4400 1258 4465 satyram
1270 4392 1403 4448 iuvenalis

266 4481 294 4536 tc
311 4484 446 4540 oototiom
464 4486 593 4540 ctoritate
609 4485 702 4542 sumit
720 4521 727 4535 .
748 4523 754 4538 .
775 4525 781 4538 .
802 4521 809 4537 .
