<?xml version="1.0" encoding="UTF-8"?>
<!DOCTYPE html PUBLIC "-//W3C//DTD XHTML 1.0 Transitional//EN"
    "http://www.w3.org/TR/xhtml1/DTD/xhtml1-transitional.dtd">
<html xmlns="http://www.w3.org/1999/xhtml" xml:lang="en" lang="en">
 <head>
  <title>
</title>
<meta http-equiv="Content-Type" content="text/html;charset=utf-8" />
  <meta name='ocr-system' content='tesseract 3.04.00' />
  <meta name='ocr-capabilities' content='ocr_page ocr_carea ocr_par ocr_line ocrx_word'/>
</head>
<body>
  <div class='ocr_page' id='page_1' title='image "./depithoeanisini01stepgoog_0066.png"; bbox 0 0 3266 4914; ppageno 0'>
   <div class='ocr_carea' id='block_1_1' title="bbox 783 320 818 372">
    <p class='ocr_par' dir='ltr' id='par_1_1' title="bbox 783 320 818 372">
     <span class='ocr_line' id='line_1_1' title="bbox 783 320 818 372; baseline 0 0"><span class='ocrx_word' id='word_1_1' title='bbox 783 320 818 372; x_wconf 74' lang='lat'><strong><em>57</em></strong></span> 
     </span>
    </p>
   </div>
   <div class='ocr_carea' id='block_1_2' title="bbox 723 595 894 755">
    <p class='ocr_par' dir='ltr' id='par_1_2' title="bbox 723 595 894 755">
     <span class='ocr_line' id='line_1_2' title="bbox 723 595 885 654; baseline 0.019 -2"><span class='ocrx_word' id='word_1_2' title='bbox 723 596 783 652; x_wconf 92' lang='grc'><strong><em>308</em></strong></span> <span class='ocrx_word' id='word_1_3' title='bbox 800 595 885 654; x_wconf 80' lang='lat' dir='ltr'><strong><em>alter.</em></strong></span> 
     </span>
     <span class='ocr_line' id='line_1_3' title="bbox 783 693 894 755; baseline 0.009 -2"><span class='ocrx_word' id='word_1_4' title='bbox 783 695 875 755; x_wconf 82' lang='lat' dir='ltr'><strong><em>schol.</em></strong></span> <span class='ocrx_word' id='word_1_5' title='bbox 887 693 894 730; x_wconf 93' lang='lat'><strong>¹</strong></span> 
     </span>
    </p>
   </div>
   <div class='ocr_carea' id='block_1_3' title="bbox 227 2075 374 2082">
    <p class='ocr_par' dir='ltr' id='par_1_3' title="bbox 227 2075 374 2082">
     <span class='ocr_line' id='line_1_4' title="bbox 227 2075 374 2082; baseline 0.014 -2"><span class='ocrx_word' id='word_1_6' title='bbox 227 2075 374 2082; x_wconf 73' lang='lat'><strong><em>—-..—.</em></strong></span> 
     </span>
    </p>
   </div>
   <div class='ocr_carea' id='block_1_4' title="bbox 464 2096 664 2258">
    <p class='ocr_par' dir='ltr' id='par_1_4' title="bbox 464 2096 664 2258">
     <span class='ocr_line' id='line_1_5' title="bbox 516 2096 602 2156; baseline -0.012 0"><span class='ocrx_word' id='word_1_7' title='bbox 516 2096 562 2156; x_wconf 90' lang='lat' dir='ltr'><strong><em>IV</em></strong></span> <span class='ocrx_word' id='word_1_8' title='bbox 587 2099 602 2155; x_wconf 92' lang='lat' dir='ltr'>l</span> 
     </span>
     <span class='ocr_line' id='line_1_6' title="bbox 464 2175 664 2258; baseline 0.005 -19"><span class='ocrx_word' id='word_1_9' title='bbox 464 2175 664 2258; x_wconf 81' lang='lat' dir='ltr'><strong><em>(inscriptio)⁷</em></strong></span> 
     </span>
    </p>
   </div>
   <div class='ocr_carea' id='block_1_5' title="bbox 271 2348 634 2571">
    <p class='ocr_par' dir='ltr' id='par_1_5' title="bbox 271 2348 634 2571">
     <span class='ocr_line' id='line_1_7' title="bbox 475 2348 634 2424; baseline 0 -19"><span class='ocrx_word' id='word_1_10' title='bbox 475 2349 493 2405; x_wconf 83' lang='lat'><strong>2</strong></span> <span class='ocrx_word' id='word_1_11' title='bbox 505 2348 634 2424; x_wconf 88' lang='lat' dir='ltr'><strong><em>primum</em></strong></span> 
     </span>
     <span class='ocr_line' id='line_1_8' title="bbox 271 2427 625 2505; baseline 0.014 -21"><span class='ocrx_word' id='word_1_12' title='bbox 271 2427 420 2505; x_wconf 82' lang='lat' dir='ltr'><strong><em>2roliqua</em></strong></span> <span class='ocrx_word' id='word_1_13' title='bbox 511 2427 625 2491; x_wconf 78' lang='lat' dir='ltr'><strong><em>schoh⁸</em></strong></span> 
     </span>
     <span class='ocr_line' id='line_1_9' title="bbox 287 2509 415 2571; baseline 0.023 -3"><span class='ocrx_word' id='word_1_14' title='bbox 287 2509 290 2515; x_wconf 84' lang='lat'>&#39;</span> <span class='ocrx_word' id='word_1_15' title='bbox 309 2509 415 2571; x_wconf 76' lang='lat' dir='ltr'><strong><em>scholi.</em></strong></span> 
     </span>
    </p>
   </div>
   <div class='ocr_carea' id='block_1_6' title="bbox 224 2737 1374 4568">
    <p class='ocr_par' dir='ltr' id='par_1_6' title="bbox 224 2737 1373 2898">
     <span class='ocr_line' id='line_1_10' title="bbox 227 2737 1373 2812; baseline 0.004 -19"><span class='ocrx_word' id='word_1_16' title='bbox 227 2737 320 2794; x_wconf 79' lang='lat' dir='ltr'><strong><em>locatis</em></strong></span> <span class='ocrx_word' id='word_1_17' title='bbox 337 2757 355 2794; x_wconf 93' lang='lat' dir='ltr'><strong><em>a</em></strong></span> <span class='ocrx_word' id='word_1_18' title='bbox 374 2741 463 2794; x_wconf 83' lang='lat' dir='ltr'><strong><em>solitis</em></strong></span> <span class='ocrx_word' id='word_1_19' title='bbox 481 2740 572 2810; x_wconf 74' lang='lat' dir='ltr'><strong><em>inquit</em></strong></span> <span class='ocrx_word' id='word_1_20' title='bbox 590 2740 659 2796; x_wconf 84' lang='lat' dir='ltr'><strong><em>tocie</em></strong></span> <span class='ocrx_word' id='word_1_21' title='bbox 680 2741 802 2810; x_wconf 75' lang='lat' dir='ltr'><strong><em>quotiens</em></strong></span> <span class='ocrx_word' id='word_1_22' title='bbox 819 2742 987 2810; x_wconf 76' lang='lat' dir='ltr'><strong><em>depelluntur</em></strong></span> <span class='ocrx_word' id='word_1_23' title='bbox 1004 2758 1108 2796; x_wconf 86' lang='lat' dir='ltr'><strong><em>romam</em></strong></span> <span class='ocrx_word' id='word_1_24' title='bbox 1125 2743 1205 2812; x_wconf 74' lang='lat' dir='ltr'><strong><em>quasi</em></strong></span> <span class='ocrx_word' id='word_1_25' title='bbox 1227 2743 1264 2797; x_wconf 86' lang='lat' dir='ltr'><strong><em>od</em></strong></span> <span class='ocrx_word' id='word_1_26' title='bbox 1285 2749 1373 2798; x_wconf 83' lang='lat' dir='ltr'><strong><em>certas</em></strong></span> 
     </span>
     <span class='ocr_line' id='line_1_11' title="bbox 224 2825 601 2898; baseline 0.005 -18"><span class='ocrx_word' id='word_1_27' title='bbox 224 2825 417 2895; x_wconf 74' lang='lat' dir='ltr'><strong><em>praedationes</em></strong></span> <span class='ocrx_word' id='word_1_28' title='bbox 434 2829 601 2898; x_wconf 62' lang='lat' dir='ltr'><strong><em>confundunt.</em></strong></span> 
     </span>
    </p>

    <p class='ocr_par' dir='ltr' id='par_1_7' title="bbox 329 2914 1115 2986">
     <span class='ocr_line' id='line_1_12' title="bbox 329 2914 1115 2986; baseline 0.006 -19"><span class='ocrx_word' id='word_1_29' title='bbox 329 2915 338 2946; x_wconf 92' lang='lat'>¹</span> <span class='ocrx_word' id='word_1_30' title='bbox 357 2914 450 2968; x_wconf 80' lang='lat' dir='ltr'><strong><em>Valla:</em></strong></span> <span class='ocrx_word' id='word_1_31' title='bbox 473 2916 616 2985; x_wconf 73' lang='lat' dir='ltr'><strong><em>Tanquam</em></strong></span> <span class='ocrx_word' id='word_1_32' title='bbox 634 2917 671 2971; x_wconf 90' lang='lat' dir='ltr'><strong><em>ad</em></strong></span> <span class='ocrx_word' id='word_1_33' title='bbox 689 2915 803 2972; x_wconf 84' lang='lat' dir='ltr'><strong><em>uicaria.</em></strong></span> <span class='ocrx_word' id='word_1_34' title='bbox 823 2917 861 2971; x_wconf 87' lang='lat' dir='ltr'><strong><em>ad</em></strong></span> <span class='ocrx_word' id='word_1_35' title='bbox 875 2923 993 2986; x_wconf 78' lang='lat' dir='ltr'><strong><em>paratos</em></strong></span> <span class='ocrx_word' id='word_1_36' title='bbox 1007 2923 1115 2986; x_wconf 80' lang='lat' dir='ltr'><strong><em>pastus.</em></strong></span> 
     </span>
    </p>

    <p class='ocr_par' dir='ltr' id='par_1_8' title="bbox 227 3002 1372 3160">
     <span class='ocr_line' id='line_1_13' title="bbox 329 3002 1372 3075; baseline 0.004 -20"><span class='ocrx_word' id='word_1_37' title='bbox 329 3003 339 3034; x_wconf 81' lang='lat'>²</span> <span class='ocrx_word' id='word_1_38' title='bbox 357 3002 450 3058; x_wconf 78' lang='lat' dir='ltr'>Vella:</span> <span class='ocrx_word' id='word_1_39' title='bbox 471 3002 532 3072; x_wconf 78' lang='lat' dir='ltr'><strong><em>Qua</em></strong></span> <span class='ocrx_word' id='word_1_40' title='bbox 546 3033 578 3042; x_wconf 89' lang='lat'>-</span> <span class='ocrx_word' id='word_1_41' title='bbox 592 3005 729 3060; x_wconf 73' lang='lat' dir='ltr'><strong><em>cathenae.</em></strong></span> <span class='ocrx_word' id='word_1_42' title='bbox 745 3021 797 3074; x_wconf 77' lang='lat' dir='ltr'><strong><em>pro</em></strong></span> <span class='ocrx_word' id='word_1_43' title='bbox 814 3021 923 3060; x_wconf 87' lang='lat' dir='ltr'><strong><em>reorum</em></strong></span> <span class='ocrx_word' id='word_1_44' title='bbox 940 3006 1028 3075; x_wconf 74' lang='lat' dir='ltr'><strong><em>copia.</em></strong></span> <span class='ocrx_word' id='word_1_45' title='bbox 1057 3002 1098 3061; x_wconf 79' lang='lat' dir='ltr'><strong><em>Gi.</em></strong></span> <span class='ocrx_word' id='word_1_46' title='bbox 1117 3006 1201 3061; x_wconf 84' lang='lat' dir='ltr'><strong><em>schol.</em></strong></span> <span class='ocrx_word' id='word_1_47' title='bbox 1220 3007 1278 3062; x_wconf 90' lang='lat' dir='ltr'><strong><em>cod.</em></strong></span> <span class='ocrx_word' id='word_1_48' title='bbox 1295 3007 1372 3061; x_wconf 82' lang='lat' dir='ltr'><strong><em>Voss.</em></strong></span> 
     </span>
     <span class='ocr_line' id='line_1_14' title="bbox 227 3091 1105 3160; baseline 0.006 -18"><span class='ocrx_word' id='word_1_49' title='bbox 227 3106 268 3144; x_wconf 88' lang='lat' dir='ltr'><strong><em>nr.</em></strong></span> <span class='ocrx_word' id='word_1_50' title='bbox 281 3091 327 3146; x_wconf 81' lang='lat'><strong><em>18:</em></strong></span> <span class='ocrx_word' id='word_1_51' title='bbox 345 3091 472 3158; x_wconf 77' lang='lat' dir='ltr'><strong><em>fornace:</em></strong></span> <span class='ocrx_word' id='word_1_52' title='bbox 494 3092 584 3146; x_wconf 85' lang='lat' dir='ltr'><strong><em>Tanto</em></strong></span> <span class='ocrx_word' id='word_1_53' title='bbox 603 3097 641 3146; x_wconf 88' lang='lat' dir='ltr'><strong><em>est</em></strong></span> <span class='ocrx_word' id='word_1_54' title='bbox 660 3092 751 3160; x_wconf 76' lang='lat' dir='ltr'><strong><em>inquit</em></strong></span> <span class='ocrx_word' id='word_1_55' title='bbox 769 3109 874 3148; x_wconf 82' lang='lat' dir='ltr'><strong><em>ecorum</em></strong></span> <span class='ocrx_word' id='word_1_56' title='bbox 891 3093 1035 3148; x_wconf 85' lang='lat' dir='ltr'><strong><em>multitudo</em></strong></span> <span class='ocrx_word' id='word_1_57' title='bbox 1053 3098 1105 3149; x_wconf 83' lang='lat' dir='ltr'><strong><em>etc.</em></strong></span> 
     </span>
    </p>

    <p class='ocr_par' dir='ltr' id='par_1_9' title="bbox 327 3171 1262 3247">
     <span class='ocr_line' id='line_1_15' title="bbox 327 3171 1262 3247; baseline 0.006 -16"><span class='ocrx_word' id='word_1_58' title='bbox 327 3179 338 3210; x_wconf 83' lang='lat'>⁸</span> <span class='ocrx_word' id='word_1_59' title='bbox 356 3178 451 3233; x_wconf 79' lang='lat' dir='ltr'>Valla:</span> <span class='ocrx_word' id='word_1_60' title='bbox 473 3179 517 3234; x_wconf 92' lang='lat' dir='ltr'><strong><em>Ne</em></strong></span> <span class='ocrx_word' id='word_1_61' title='bbox 535 3195 643 3235; x_wconf 87' lang='lat' dir='ltr'><strong><em>marrae</em></strong></span> <span class='ocrx_word' id='word_1_62' title='bbox 660 3185 685 3235; x_wconf 86' lang='lat' dir='ltr'><strong><em>et</em></strong></span> <span class='ocrx_word' id='word_1_63' title='bbox 703 3181 820 3235; x_wconf 81' lang='lat' dir='ltr'><strong><em>sarcula.</em></strong></span> <span class='ocrx_word' id='word_1_64' title='bbox 838 3180 1007 3247; x_wconf 81' lang='lat' dir='ltr'><strong><em>ferramento</em></strong></span> <span class='ocrx_word' id='word_1_65' title='bbox 1026 3171 1130 3236; x_wconf 73' lang='lat' dir='ltr'><strong><em>cnstr&#39;ca</em></strong></span> <span class='ocrx_word' id='word_1_66' title='bbox 1150 3221 1262 3238; x_wconf 87' lang='grc'><strong>.....</strong></span> 
     </span>
    </p>

    <p class='ocr_par' dir='ltr' id='par_1_10' title="bbox 228 3259 1373 3426">
     <span class='ocr_line' id='line_1_16' title="bbox 328 3259 1373 3325; baseline 0.005 -6"><span class='ocrx_word' id='word_1_67' title='bbox 328 3265 452 3322; x_wconf 78' lang='lat' dir='ltr'><strong><em>⁴Vallo:</em></strong></span> <span class='ocrx_word' id='word_1_68' title='bbox 481 3266 538 3322; x_wconf 84' lang='lat' dir='ltr'><strong><em>Uno</em></strong></span> <span class='ocrx_word' id='word_1_69' title='bbox 566 3259 718 3323; x_wconf 84' lang='lat' dir='ltr'><strong><em>contentam</em></strong></span> <span class='ocrx_word' id='word_1_70' title='bbox 747 3285 852 3324; x_wconf 86' lang='lat' dir='ltr'><strong><em>carcere</em></strong></span> <span class='ocrx_word' id='word_1_71' title='bbox 876 3285 989 3324; x_wconf 88' lang='lat' dir='ltr'><strong><em>romam.</em></strong></span> <span class='ocrx_word' id='word_1_72' title='bbox 1017 3269 1231 3325; x_wconf 70' lang='lat' dir='ltr'><strong><em>subaudiendum</em></strong></span> <span class='ocrx_word' id='word_1_73' title='bbox 1258 3270 1373 3325; x_wconf 84' lang='lat' dir='ltr'><strong><em>tulliano</em></strong></span> 
     </span>
     <span class='ocr_line' id='line_1_17' title="bbox 228 3351 1066 3426; baseline 0.001 -18"><span class='ocrx_word' id='word_1_74' title='bbox 228 3352 308 3408; x_wconf 83' lang='lat' dir='ltr'><strong><em>cuius</em></strong></span> <span class='ocrx_word' id='word_1_75' title='bbox 326 3357 352 3406; x_wconf 92' lang='lat' dir='ltr'><strong><em>et</em></strong></span> <span class='ocrx_word' id='word_1_76' title='bbox 369 3351 508 3408; x_wconf 75' lang='lat' dir='ltr'><strong><em>Salustius</em></strong></span> <span class='ocrx_word' id='word_1_77' title='bbox 526 3355 647 3409; x_wconf 77' lang='lat' dir='ltr'><strong><em>meminit</em></strong></span> <span class='ocrx_word' id='word_1_78' title='bbox 665 3371 683 3409; x_wconf 88' lang='lat' dir='ltr'><strong><em>a</em></strong></span> <span class='ocrx_word' id='word_1_79' title='bbox 700 3356 769 3410; x_wconf 85' lang='lat' dir='ltr'><strong><em>tutto</em></strong></span> <span class='ocrx_word' id='word_1_80' title='bbox 787 3371 848 3426; x_wconf 77' lang='lat' dir='ltr'><strong><em>reoe</em></strong></span> <span class='ocrx_word' id='word_1_81' title='bbox 865 3357 903 3410; x_wconf 87' lang='lat' dir='ltr'><strong><em>sic</em></strong></span> <span class='ocrx_word' id='word_1_82' title='bbox 921 3357 1066 3426; x_wconf 76' lang='lat' dir='ltr'><strong><em>appellato.</em></strong></span> 
     </span>
    </p>

    <p class='ocr_par' dir='ltr' id='par_1_11' title="bbox 228 3439 1374 3777">
     <span class='ocr_line' id='line_1_18' title="bbox 328 3439 1374 3514; baseline 0.002 -20"><span class='ocrx_word' id='word_1_83' title='bbox 328 3442 339 3473; x_wconf 80' lang='lat'><strong>⁵</strong></span> <span class='ocrx_word' id='word_1_84' title='bbox 358 3439 450 3496; x_wconf 81' lang='lat' dir='ltr'><strong><em>Vella:</em></strong></span> <span class='ocrx_word' id='word_1_85' title='bbox 470 3442 518 3497; x_wconf 87' lang='lat' dir='ltr'><strong><em>Me</em></strong></span> <span class='ocrx_word' id='word_1_86' title='bbox 536 3457 638 3510; x_wconf 75' lang='lat' dir='ltr'><strong><em>quamn</em></strong></span> <span class='ocrx_word' id='word_1_87' title='bbox 655 3443 692 3496; x_wconf 88' lang='lat' dir='ltr'><strong><em>ad</em></strong></span> <span class='ocrx_word' id='word_1_88' title='bbox 709 3443 843 3498; x_wconf 78' lang='lat' dir='ltr'><strong><em>hetoinam</em></strong></span> <span class='ocrx_word' id='word_1_89' title='bbox 861 3459 979 3498; x_wconf 82' lang='lat' dir='ltr'><strong><em>cererem.</em></strong></span> <span class='ocrx_word' id='word_1_90' title='bbox 998 3443 1072 3498; x_wconf 74' lang='lat' dir='ltr'><strong><em>maus</em></strong></span> <span class='ocrx_word' id='word_1_91' title='bbox 1090 3441 1176 3497; x_wconf 88' lang='lat' dir='ltr'><strong><em>estin</em></strong></span> <span class='ocrx_word' id='word_1_92' title='bbox 1193 3442 1297 3512; x_wconf 69' lang='lat' dir='ltr'><strong><em>callia:</em></strong></span> <span class='ocrx_word' id='word_1_93' title='bbox 1326 3443 1374 3514; x_wconf 77' lang='lat' dir='ltr'><strong><em>qui</em></strong></span> 
     </span>
     <span class='ocr_line' id='line_1_19' title="bbox 228 3527 1374 3598; baseline 0.002 -16"><span class='ocrx_word' id='word_1_94' title='bbox 228 3527 267 3582; x_wconf 80' lang='lat' dir='ltr'><strong><em>sic</em></strong></span> <span class='ocrx_word' id='word_1_95' title='bbox 283 3529 455 3598; x_wconf 78' lang='lat' dir='ltr'><strong><em>appellatur:</em></strong></span> <span class='ocrx_word' id='word_1_96' title='bbox 482 3535 513 3584; x_wconf 86' lang='lat' dir='ltr'><strong><em>ut</em></strong></span> <span class='ocrx_word' id='word_1_97' title='bbox 532 3530 637 3584; x_wconf 80' lang='lat' dir='ltr'><strong><em>Probus</em></strong></span> <span class='ocrx_word' id='word_1_98' title='bbox 656 3530 758 3586; x_wconf 80' lang='lat' dir='ltr'><strong><em>scribit.</em></strong></span> <span class='ocrx_word' id='word_1_99' title='bbox 778 3529 818 3584; x_wconf 83' lang='lat' dir='ltr'><strong><em>Cf.</em></strong></span> <span class='ocrx_word' id='word_1_100' title='bbox 838 3529 921 3585; x_wconf 81' lang='lat' dir='ltr'><strong><em>schol.</em></strong></span> <span class='ocrx_word' id='word_1_101' title='bbox 944 3531 1004 3584; x_wconf 88' lang='lat' dir='ltr'><strong><em>cod.</em></strong></span> <span class='ocrx_word' id='word_1_102' title='bbox 1017 3530 1101 3586; x_wconf 79' lang='lat' dir='ltr'><strong><em>·Vocs.</em></strong></span> <span class='ocrx_word' id='word_1_103' title='bbox 1129 3548 1172 3584; x_wconf 87' lang='lat' dir='ltr'><strong><em>nr.</em></strong></span> <span class='ocrx_word' id='word_1_104' title='bbox 1193 3533 1239 3584; x_wconf 86' lang='lat'><strong><em>18:</em></strong></span> <span class='ocrx_word' id='word_1_105' title='bbox 1268 3531 1374 3586; x_wconf 81' lang='lat' dir='ltr'><strong><em>Eloina</em></strong></span> 
     </span>
     <span class='ocr_line' id='line_1_20' title="bbox 229 3617 1373 3688; baseline 0.001 -18"><span class='ocrx_word' id='word_1_106' title='bbox 229 3631 314 3670; x_wconf 88' lang='lat' dir='ltr'><strong><em>ceres:</em></strong></span> <span class='ocrx_word' id='word_1_107' title='bbox 338 3618 413 3671; x_wconf 83' lang='lat' dir='ltr'><strong><em>locus</em></strong></span> <span class='ocrx_word' id='word_1_108' title='bbox 438 3622 478 3672; x_wconf 88' lang='lat' dir='ltr'><strong><em>cst</em></strong></span> <span class='ocrx_word' id='word_1_109' title='bbox 504 3617 535 3671; x_wconf 91' lang='lat' dir='ltr'><strong><em>iu</em></strong></span> <span class='ocrx_word' id='word_1_110' title='bbox 552 3617 645 3687; x_wconf 68' lang='lat' dir='ltr'><strong><em>cottiis</em></strong></span> <span class='ocrx_word' id='word_1_111' title='bbox 662 3618 708 3672; x_wconf 83' lang='lat' dir='ltr'><strong><em>abi</em></strong></span> <span class='ocrx_word' id='word_1_112' title='bbox 726 3619 788 3674; x_wconf 87' lang='lat' dir='ltr'><strong><em>otim</em></strong></span> <span class='ocrx_word' id='word_1_113' title='bbox 810 3617 946 3673; x_wconf 83' lang='lat' dir='ltr'><strong><em>colebatur</em></strong></span> <span class='ocrx_word' id='word_1_114' title='bbox 964 3634 1034 3673; x_wconf 85' lang='lat' dir='ltr'><strong><em>ceres</em></strong></span> <span class='ocrx_word' id='word_1_115' title='bbox 1053 3623 1077 3672; x_wconf 88' lang='lat' dir='ltr'><strong><em>et</em></strong></span> <span class='ocrx_word' id='word_1_116' title='bbox 1095 3618 1161 3688; x_wconf 77' lang='lat' dir='ltr'><strong><em>quia</em></strong></span> <span class='ocrx_word' id='word_1_117' title='bbox 1179 3619 1281 3688; x_wconf 74' lang='lat' dir='ltr'><strong><em>aquino</em></strong></span> <span class='ocrx_word' id='word_1_118' title='bbox 1300 3619 1373 3672; x_wconf 86' lang='lat' dir='ltr'><strong><em>simi·</em></strong></span> 
     </span>
     <span class='ocr_line' id='line_1_21' title="bbox 229 3703 1255 3777; baseline 0.003 -19"><span class='ocrx_word' id='word_1_119' title='bbox 229 3703 291 3760; x_wconf 82' lang='lat' dir='ltr'><strong><em>liter</em></strong></span> <span class='ocrx_word' id='word_1_120' title='bbox 308 3705 444 3760; x_wconf 79' lang='lat' dir='ltr'><strong><em>colebatur</em></strong></span> <span class='ocrx_word' id='word_1_121' title='bbox 459 3721 528 3761; x_wconf 86' lang='lat' dir='ltr'><strong><em>ceres</em></strong></span> <span class='ocrx_word' id='word_1_122' title='bbox 546 3705 607 3762; x_wconf 85' lang='lat' dir='ltr'><strong><em>idco</em></strong></span> <span class='ocrx_word' id='word_1_123' title='bbox 625 3707 694 3761; x_wconf 85' lang='lat' dir='ltr'><strong><em>tttud</em></strong></span> <span class='ocrx_word' id='word_1_124' title='bbox 713 3706 841 3775; x_wconf 80' lang='lat' dir='ltr'><strong><em>oppidum</em></strong></span> <span class='ocrx_word' id='word_1_125' title='bbox 860 3707 977 3761; x_wconf 87' lang='lat' dir='ltr'><strong><em>etoinom</em></strong></span> <span class='ocrx_word' id='word_1_126' title='bbox 995 3722 1108 3762; x_wconf 85' lang='lat' dir='ltr'><strong><em>cererem</em></strong></span> <span class='ocrx_word' id='word_1_127' title='bbox 1127 3708 1255 3777; x_wconf 76' lang='lat' dir='ltr'><strong><em>appellat.</em></strong></span> 
     </span>
    </p>

    <p class='ocr_par' dir='ltr' id='par_1_12' title="bbox 229 3792 1372 3938">
     <span class='ocr_line' id='line_1_22' title="bbox 328 3792 1372 3866; baseline -0.002 -18"><span class='ocrx_word' id='word_1_128' title='bbox 328 3792 451 3859; x_wconf 43' lang='lat' dir='ltr'><strong><em>⁶,Vcllo1</em></strong></span> <span class='ocrx_word' id='word_1_129' title='bbox 472 3792 593 3850; x_wconf 78' lang='lat' dir='ltr'><strong><em>Uonoetle</em></strong></span> <span class='ocrx_word' id='word_1_130' title='bbox 610 3811 627 3848; x_wconf 89' lang='lat' dir='ltr'><strong><em>a</em></strong></span> <span class='ocrx_word' id='word_1_131' title='bbox 646 3794 739 3849; x_wconf 81' lang='lat' dir='ltr'><strong><em>cumis.</em></strong></span> <span class='ocrx_word' id='word_1_132' title='bbox 760 3811 777 3848; x_wconf 92' lang='lat' dir='ltr'><strong><em>a</em></strong></span> <span class='ocrx_word' id='word_1_133' title='bbox 796 3795 880 3849; x_wconf 86' lang='lat' dir='ltr'><strong><em>cumis</em></strong></span> <span class='ocrx_word' id='word_1_134' title='bbox 899 3794 1008 3850; x_wconf 67' lang='lat' dir='ltr'><strong><em>Musca.</em></strong></span> <span class='ocrx_word' id='word_1_135' title='bbox 1040 3793 1080 3849; x_wconf 82' lang='lat' dir='ltr'><strong><em>Cf.</em></strong></span> <span class='ocrx_word' id='word_1_136' title='bbox 1100 3795 1182 3866; x_wconf 84' lang='lat' dir='ltr'><strong><em>gloss.</em></strong></span> <span class='ocrx_word' id='word_1_137' title='bbox 1201 3795 1292 3850; x_wconf 81' lang='lat' dir='ltr'><strong><em>interl.</em></strong></span> <span class='ocrx_word' id='word_1_138' title='bbox 1313 3794 1372 3850; x_wconf 89' lang='lat' dir='ltr'><strong><em>cod.</em></strong></span> 
     </span>
     <span class='ocr_line' id='line_1_23' title="bbox 229 3879 716 3938; baseline 0.004 -4"><span class='ocrx_word' id='word_1_139' title='bbox 229 3879 304 3935; x_wconf 82' lang='lat' dir='ltr'><strong><em>Voss.</em></strong></span> <span class='ocrx_word' id='word_1_140' title='bbox 324 3900 367 3936; x_wconf 86' lang='lat' dir='ltr'><strong><em>nr.</em></strong></span> <span class='ocrx_word' id='word_1_141' title='bbox 388 3880 434 3935; x_wconf 89' lang='lat'><strong><em>18:</em></strong></span> <span class='ocrx_word' id='word_1_142' title='bbox 452 3883 576 3937; x_wconf 77' lang='lat' dir='ltr'><strong><em>conaelle.-</em></strong></span> <span class='ocrx_word' id='word_1_143' title='bbox 594 3897 716 3938; x_wconf 83' lang='lat' dir='ltr'><strong><em>convoca.</em></strong></span> 
     </span>
    </p>

    <p class='ocr_par' dir='ltr' id='par_1_13' title="bbox 228 3969 1374 4214">
     <span class='ocr_line' id='line_1_24' title="bbox 328 3969 1374 4039; baseline 0.003 -17"><span class='ocrx_word' id='word_1_144' title='bbox 328 3971 337 4000; x_wconf 77' lang='lat'>³</span> <span class='ocrx_word' id='word_1_145' title='bbox 358 3969 450 4023; x_wconf 81' lang='lat' dir='ltr'><strong><em>Valle:</em></strong></span> <span class='ocrx_word' id='word_1_146' title='bbox 464 3969 578 4024; x_wconf 82' lang='lat' dir='ltr'><strong><em>Ecce-</em></strong></span> <span class='ocrx_word' id='word_1_147' title='bbox 590 3969 736 4024; x_wconf 86' lang='lat' dir='ltr'><strong><em>occandus.</em></strong></span> <span class='ocrx_word' id='word_1_148' title='bbox 749 3969 796 4023; x_wconf 83' lang='lat' dir='ltr'><strong><em>Ad</em></strong></span> <span class='ocrx_word' id='word_1_149' title='bbox 806 3975 910 4039; x_wconf 73' lang='lat' dir='ltr'><strong><em>partes.</em></strong></span> <span class='ocrx_word' id='word_1_150' title='bbox 921 3970 953 4024; x_wconf 91' lang='lat' dir='ltr'><strong><em>de</em></strong></span> <span class='ocrx_word' id='word_1_151' title='bbox 963 3970 1082 4038; x_wconf 73' lang='lat' dir='ltr'><strong><em>crispino</em></strong></span> <span class='ocrx_word' id='word_1_152' title='bbox 1092 3969 1176 4038; x_wconf 76' lang='lat' dir='ltr'><strong><em>piscis</em></strong></span> <span class='ocrx_word' id='word_1_153' title='bbox 1187 3969 1374 4039; x_wconf 71' lang='lat' dir='ltr'><strong><em>rnaynitudinc</em></strong></span> 
     </span>
     <span class='ocr_line' id='line_1_25' title="bbox 230 4055 1373 4128; baseline 0 -18"><span class='ocrx_word' id='word_1_154' title='bbox 230 4056 427 4124; x_wconf 74' lang='lat' dir='ltr'><strong><em>domitianiqne</em></strong></span> <span class='ocrx_word' id='word_1_155' title='bbox 449 4057 612 4127; x_wconf 77' lang='lat' dir='ltr'><strong><em>temporibus</em></strong></span> <span class='ocrx_word' id='word_1_156' title='bbox 630 4057 722 4112; x_wconf 80' lang='lat' dir='ltr'><strong><em>scribit</em></strong></span> <span class='ocrx_word' id='word_1_157' title='bbox 743 4057 775 4110; x_wconf 86' lang='lat' dir='ltr'><strong><em>in</em></strong></span> <span class='ocrx_word' id='word_1_158' title='bbox 794 4058 845 4111; x_wconf 82' lang='lat' dir='ltr'><strong><em>hac</em></strong></span> <span class='ocrx_word' id='word_1_159' title='bbox 863 4062 962 4128; x_wconf 77' lang='lat' dir='ltr'><strong><em>satyra</em></strong></span> <span class='ocrx_word' id='word_1_160' title='bbox 981 4097 988 4112; x_wconf 88' lang='lat'><strong><em>.</em></strong></span> <span class='ocrx_word' id='word_1_161' title='bbox 1009 4098 1015 4111; x_wconf 90' lang='lat'><strong><em>.</em></strong></span> <span class='ocrx_word' id='word_1_162' title='bbox 1035 4098 1067 4112; x_wconf 91' lang='lat'><strong><em>..</em></strong></span> <span class='ocrx_word' id='word_1_163' title='bbox 1092 4087 1124 4096; x_wconf 88' lang='lat'>-</span> <span class='ocrx_word' id='word_1_164' title='bbox 1150 4057 1262 4112; x_wconf 84' lang='lat' dir='ltr'><strong><em>Monere</em></strong></span> <span class='ocrx_word' id='word_1_165' title='bbox 1290 4055 1373 4111; x_wconf 83' lang='lat' dir='ltr'><strong><em>liceat</em></strong></span> 
     </span>
     <span class='ocr_line' id='line_1_26' title="bbox 228 4143 1261 4214; baseline 0.002 -17"><span class='ocrx_word' id='word_1_166' title='bbox 228 4143 274 4198; x_wconf 86' lang='lat' dir='ltr'><strong><em>hic</em></strong></span> <span class='ocrx_word' id='word_1_167' title='bbox 291 4161 340 4199; x_wconf 81' lang='lat' dir='ltr'><strong><em>nos</em></strong></span> <span class='ocrx_word' id='word_1_168' title='bbox 359 4144 477 4200; x_wconf 82' lang='lat' dir='ltr'><strong><em>deficere</em></strong></span> <span class='ocrx_word' id='word_1_169' title='bbox 495 4145 600 4200; x_wconf 77' lang='lat' dir='ltr'><strong><em>scholis</em></strong></span> <span class='ocrx_word' id='word_1_170' title='bbox 615 4145 762 4199; x_wconf 79' lang='lat' dir='ltr'><strong><em>Leidensia</em></strong></span> <span class='ocrx_word' id='word_1_171' title='bbox 780 4149 879 4214; x_wconf 82' lang='lat' dir='ltr'><strong><em>utpote</em></strong></span> <span class='ocrx_word' id='word_1_172' title='bbox 897 4145 1030 4200; x_wconf 85' lang='lat' dir='ltr'><strong><em>hactenus</em></strong></span> <span class='ocrx_word' id='word_1_173' title='bbox 1050 4149 1160 4200; x_wconf 82' lang='lat' dir='ltr'><strong><em>tantum</em></strong></span> <span class='ocrx_word' id='word_1_174' title='bbox 1179 4145 1261 4199; x_wconf 82' lang='lat' dir='ltr'><strong><em>edita.</em></strong></span> 
     </span>
    </p>

    <p class='ocr_par' dir='ltr' id='par_1_14' title="bbox 227 4232 1373 4568">
     <span class='ocr_line' id='line_1_27' title="bbox 327 4232 1373 4304; baseline 0 -18"><span class='ocrx_word' id='word_1_175' title='bbox 327 4233 401 4286; x_wconf 78' lang='grc' dir='ltr'><strong><em>8Ειι</em></strong></span> <span class='ocrx_word' id='word_1_176' title='bbox 420 4237 480 4287; x_wconf 85' lang='lat' dir='ltr'><strong><em>tota</em></strong></span> <span class='ocrx_word' id='word_1_177' title='bbox 499 4232 668 4288; x_wconf 78' lang='lat' dir='ltr'><strong><em>scholiorum</em></strong></span> <span class='ocrx_word' id='word_1_178' title='bbox 695 4233 911 4302; x_wconf 75' lang='lat' dir='ltr'><strong><em>lemmatumque</em></strong></span> <span class='ocrx_word' id='word_1_179' title='bbox 940 4233 1054 4288; x_wconf 73' lang='lat' dir='ltr'><strong><em>confusa</em></strong></span> <span class='ocrx_word' id='word_1_180' title='bbox 1075 4233 1211 4304; x_wconf 82' lang='lat' dir='ltr'><strong><em>congeris,</em></strong></span> <span class='ocrx_word' id='word_1_181' title='bbox 1240 4250 1310 4301; x_wconf 81' lang='lat' dir='ltr'><strong><em>quse</em></strong></span> <span class='ocrx_word' id='word_1_182' title='bbox 1337 4233 1373 4286; x_wconf 87' lang='lat' dir='ltr'><strong><em>ad</em></strong></span> 
     </span>
     <span class='ocr_line' id='line_1_28' title="bbox 228 4319 1373 4391; baseline 0 -18"><span class='ocrx_word' id='word_1_183' title='bbox 228 4319 333 4388; x_wconf 81' lang='lat' dir='ltr'><strong><em>primos</em></strong></span> <span class='ocrx_word' id='word_1_184' title='bbox 352 4320 422 4374; x_wconf 81' lang='lat' dir='ltr'><strong><em>duos</em></strong></span> <span class='ocrx_word' id='word_1_185' title='bbox 442 4337 536 4375; x_wconf 78' lang='lat' dir='ltr'><strong><em>versuo</em></strong></span> <span class='ocrx_word' id='word_1_186' title='bbox 556 4321 697 4391; x_wconf 81' lang='lat' dir='ltr'><strong><em>adscripto.</em></strong></span> <span class='ocrx_word' id='word_1_187' title='bbox 715 4325 757 4376; x_wconf 85' lang='lat' dir='ltr'><strong><em>est</em></strong></span> <span class='ocrx_word' id='word_1_188' title='bbox 776 4321 806 4375; x_wconf 86' lang='lat' dir='ltr'><strong><em>in</em></strong></span> <span class='ocrx_word' id='word_1_189' title='bbox 824 4322 902 4376; x_wconf 87' lang='lat' dir='ltr'><strong><em>codd.</em></strong></span> <span class='ocrx_word' id='word_1_190' title='bbox 923 4321 1013 4378; x_wconf 87' lang='lat' dir='ltr'><strong><em>Mont.</em></strong></span> <span class='ocrx_word' id='word_1_191' title='bbox 1036 4327 1073 4377; x_wconf 87' lang='lat' dir='ltr'><strong><em>et.</em></strong></span> <span class='ocrx_word' id='word_1_192' title='bbox 1093 4322 1185 4390; x_wconf 65' lang='lat' dir='ltr'><strong><em>Sang„</em></strong></span> <span class='ocrx_word' id='word_1_193' title='bbox 1204 4321 1284 4376; x_wconf 85' lang='lat' dir='ltr'>Valla</span> <span class='ocrx_word' id='word_1_194' title='bbox 1302 4321 1373 4374; x_wconf 83' lang='lat' dir='ltr'><strong><em>nihil</em></strong></span> 
     </span>
     <span class='ocr_line' id='line_1_29' title="bbox 228 4407 1373 4479; baseline 0 -17"><span class='ocrx_word' id='word_1_195' title='bbox 228 4407 341 4462; x_wconf 85' lang='lat' dir='ltr'><strong><em>exhibet</em></strong></span> <span class='ocrx_word' id='word_1_196' title='bbox 364 4408 418 4462; x_wconf 85' lang='lat' dir='ltr'><strong><em>nisi</em></strong></span> <span class='ocrx_word' id='word_1_197' title='bbox 437 4407 519 4464; x_wconf 81' lang='lat' dir='ltr'><strong><em>haec:</em></strong></span> <span class='ocrx_word' id='word_1_198' title='bbox 537 4409 584 4464; x_wconf 75' lang='lat' dir='ltr'><strong><em>Aa</em></strong></span> <span class='ocrx_word' id='word_1_199' title='bbox 601 4415 704 4478; x_wconf 82' lang='lat' dir='ltr'><strong><em>portes.</em></strong></span> <span class='ocrx_word' id='word_1_200' title='bbox 723 4409 937 4464; x_wconf 75' lang='lat' dir='ltr'><strong><em>subandiendum</em></strong></span> <span class='ocrx_word' id='word_1_201' title='bbox 954 4409 1044 4479; x_wconf 79' lang='lat' dir='ltr'><strong><em>operis</em></strong></span> <span class='ocrx_word' id='word_1_202' title='bbox 1063 4409 1113 4464; x_wconf 84' lang='lat' dir='ltr'><strong><em>mei</em></strong></span> <span class='ocrx_word' id='word_1_203' title='bbox 1131 4415 1155 4464; x_wconf 90' lang='lat' dir='ltr'><strong><em>et</em></strong></span> <span class='ocrx_word' id='word_1_204' title='bbox 1167 4414 1206 4464; x_wconf 89' lang='lat' dir='ltr'><strong><em>est</em></strong></span> <span class='ocrx_word' id='word_1_205' title='bbox 1216 4409 1373 4476; x_wconf 77' lang='lat' dir='ltr'><strong><em>metaphora</em></strong></span> 
     </span>
     <span class='ocr_line' id='line_1_30' title="bbox 227 4495 1372 4568; baseline -0.001 -19"><span class='ocrx_word' id='word_1_206' title='bbox 227 4512 245 4549; x_wconf 92' lang='lat' dir='ltr'><strong><em>a</em></strong></span> <span class='ocrx_word' id='word_1_207' title='bbox 264 4495 396 4550; x_wconf 81' lang='lat' dir='ltr'><strong><em>comoedis</em></strong></span> <span class='ocrx_word' id='word_1_208' title='bbox 416 4501 512 4552; x_wconf 84' lang='lat' dir='ltr'><strong><em>tracta.</em></strong></span> <span class='ocrx_word' id='word_1_209' title='bbox 551 4497 583 4550; x_wconf 90' lang='lat' dir='ltr'><strong><em>In</em></strong></span> <span class='ocrx_word' id='word_1_210' title='bbox 602 4498 688 4552; x_wconf 86' lang='lat' dir='ltr'><strong><em>Probi</em></strong></span> <span class='ocrx_word' id='word_1_211' title='bbox 717 4498 805 4568; x_wconf 80' lang='lat' dir='ltr'><strong><em>igitur</em></strong></span> <span class='ocrx_word' id='word_1_212' title='bbox 833 4497 926 4551; x_wconf 88' lang='lat' dir='ltr'><strong><em>codice</em></strong></span> <span class='ocrx_word' id='word_1_213' title='bbox 956 4504 1005 4550; x_wconf 82' lang='lat' dir='ltr'><strong><em>out</em></strong></span> <span class='ocrx_word' id='word_1_214' title='bbox 1034 4497 1137 4552; x_wconf 84' lang='lat' dir='ltr'><strong><em>scholis</em></strong></span> <span class='ocrx_word' id='word_1_215' title='bbox 1156 4497 1192 4552; x_wconf 84' lang='lat' dir='ltr'><strong><em>ad</em></strong></span> <span class='ocrx_word' id='word_1_216' title='bbox 1210 4514 1254 4550; x_wconf 88' lang='lat' dir='ltr'><strong><em>vv.</em></strong></span> <span class='ocrx_word' id='word_1_217' title='bbox 1276 4499 1288 4548; x_wconf 97' lang='lat' dir='ltr'>l</span> <span class='ocrx_word' id='word_1_218' title='bbox 1309 4497 1372 4549; x_wconf 85' lang='lat' dir='ltr'><strong><em>et2</em></strong></span> 
     </span>
    </p>
   </div>
   <div class='ocr_carea' id='block_1_7' title="bbox 0 0 1638 4914">
    <p class='ocr_par' dir='ltr' id='par_1_15' title="bbox 0 0 1638 4914">
     <span class='ocr_line' id='line_1_31' title="bbox 0 0 1638 4914; baseline 0 0"><span class='ocrx_word' id='word_1_219' title='bbox 0 0 1638 4914; x_wconf 95' lang='lat' dir='ltr'><strong><em> </em></strong></span> 
     </span>
    </p>
   </div>
  </div>
 </body>
</html>
