3266 4914
808 311 842 362 70

253 487 303 559 82,
326 486 356 544 in
380 503 438 562 quo
461 483 634 562 Sehopenus
656 486 749 544 refert
772 484 884 544 saholia
906 485 991 543 initio
1013 485 1216 562 frequentiora
1238 504 1313 560 esse,
1335 490 1399 544 tum

251 603 411 660 rarescere,
445 585 593 645 interdum
615 587 703 662 plane
732 586 865 644 definere.
909 585 974 645 Hae
1004 587 1153 662 posterius
1175 591 1208 644 ut
1229 589 1295 646 veri
1318 588 1398 646 simi·

252 685 311 744 lius
335 703 400 743 esse
423 703 603 760 aenaeamus,
627 705 691 744 eum
714 687 767 759 eis,
790 705 865 763 quae
880 685 967 744 modo
988 681 1029 762 (p.
1043 687 1083 744 68
1095 682 1155 762 sq.)
1171 686 1398 765 disputavimus,

252 793 314 844 tum
336 786 390 844 illo
413 805 630 863 permovemur,
662 787 741 863 quod
765 787 854 846 Probi
887 788 1149 864 interpretamenta
1170 787 1200 846 in
1222 805 1314 846 versu
1338 791 1397 848 198

253 892 307 945 sat.
321 886 400 946 VIII
422 885 566 945 defecisse
578 886 668 946 Valla
689 887 753 963 ipse
777 891 919 960 testatur;
943 887 1025 946 euius
1047 887 1140 946 verba
1159 887 1269 963 optime
1292 889 1335 947 sie
1356 889 1398 948 in·

252 988 444 1063 telleguntur,
474 987 560 1044 utin
583 985 682 1045 aodioe
705 986 899 1045 seholiaiam
931 993 1018 1045 antea
1040 987 1155 1046 rariora
1183 987 1252 1046 inde
1282 988 1319 1046 ab
1341 989 1398 1049 hoo

252 1089 317 1148 loeo
344 1086 428 1146 nulla
455 1087 608 1145 Iuvenalis
636 1087 774 1146 versibus
805 1087 955 1163 adscripta
982 1086 1075 1145 fuisse
1102 1091 1276 1147 statuamus.
1321 1089 1398 1148 Nam

252 1190 333 1266 ipsas
355 1205 473 1265 quoque
492 1186 645 1246 Iuvenalis
667 1193 784 1246 saturas
807 1189 837 1246 in
860 1207 893 1246 eo
913 1187 990 1246 libro
1014 1187 1177 1263 exstitisse,
1199 1187 1236 1245 ab
1259 1187 1314 1245 hae
1334 1207 1398 1247 sen·

253 1290 346 1348 tentia
367 1307 404 1346 ne
425 1287 548 1346 Iahnius
572 1286 691 1364 quidem
714 1287 828 1346 alienus
851 1293 910 1360 est;
930 1288 965 1346 ei.
988 1287 1080 1365 praef.
1097 1287 1143 1347 ed.
1159 1287 1226 1347 Iuv.
1241 1288 1311 1345 min.
1327 1308 1355 1364 p.
1370 1290 1398 1347 6.

352 1387 460 1447 Contra
482 1407 517 1444 ea
538 1387 679 1459 Probum,
713 1405 779 1446 oum
802 1387 892 1447 Valla
914 1405 951 1445 ex
974 1406 1008 1446 eo
1029 1387 1108 1445 haud
1140 1405 1234 1464 panea
1256 1388 1397 1464 proferat,

253 1489 380 1566 quaein
403 1485 575 1545 Pithoeauis
607 1485 729 1546 seheliis
751 1505 809 1545 non
832 1491 958 1560 exstent,
983 1486 1087 1545 multis
1109 1487 1241 1544 numeris
1268 1487 1397 1564 loeuple-

252 1589 357 1648 tiorem
379 1587 472 1646 fuisse
495 1607 582 1664 quam
606 1585 688 1646 eodd.
704 1586 798 1645 Mont.
815 1593 845 1645 et
860 1586 961 1663 Sang,
982 1587 1013 1646 id
1037 1593 1066 1645 et
1088 1588 1186 1664 ipsum
1209 1588 1398 1646 confirmatur

251 1688 364 1748 tabulis
395 1689 515 1762 nostris,
548 1706 645 1765 neque
677 1687 774 1745 minus
807 1687 889 1761 haee,
923 1705 998 1765 quae
1031 1685 1109 1764 apud
1131 1688 1262 1747 Probum
1284 1692 1399 1746 tantum

252 1790 392 1864 leguntur
414 1788 595 1862 Vallianum,
625 1793 659 1846 ut
680 1786 779 1846 Iahnii
812 1783 913 1864 (proll.
937 1787 973 1846 ad
995 1787 1079 1846 Pers.
1102 1808 1132 1865 p.
1156 1782 1263 1862 CLVI)
1296 1788 1397 1848 verbis

252 1895 329 1964 utar,
362 1889 471 1966 partim
494 1888 621 1965 optimae
643 1893 731 1946 nobee
754 1894 784 1946 et
801 1888 923 1966 antiqua
945 1883 991 1962 (ut
1013 1887 1118 1947 soholl.
1141 1889 1179 1946 ad
1200 1888 1251 1946 III
1276 1889 1325 1947 14.
1350 1890 1398 1948 74.

254 1991 323 2048 193.
348 1991 417 2047 210.
440 1988 486 2047 IV
508 1983 571 2062 27),
601 1979 710 2065 partim
738 2019 773 2027 —
804 1993 835 2047 et
858 1989 1018 2048 maximam
1041 1988 1160 2065 quidem
1182 1994 1296 2066 partem
1322 2019 1355 2028 -
1380 2009 1398 2048 a

252 2089 329 2147 male
351 2089 446 2148 doctis
474 2108 539 2147 esse
564 2089 707 2166 proseuta.
751 2087 852 2167 Atque
879 2089 963 2166 prius
986 2089 1106 2166 quidem
1132 2109 1228 2165 genus
1250 2089 1318 2148 inde
1341 2091 1397 2148 ori·

253 2191 353 2266 ginem
375 2190 503 2248 traxisse
522 2188 651 2261 videtur,
675 2187 754 2266 quod
776 2189 801 2248 si
824 2207 882 2248 uon
905 2207 942 2248 ex
964 2189 1091 2265 integro,
1114 2195 1145 2247 at
1159 2208 1196 2247 ex
1212 2189 1349 2249 uberiore
1370 2195 1400 2248 et

251 2290 385 2368 pleniore
406 2289 570 2366 exemplari
584 2289 721 2366 perpetui
735 2307 769 2348 ae
784 2290 896 2350 veteris
920 2289 1132 2363 commentarii,
1159 2308 1174 2347 e
1198 2309 1256 2367 quo
1279 2289 1398 2350 Pithoe-

253 2410 309 2450 ana
339 2409 456 2468 quoque
489 2388 603 2448 seholia
633 2389 790 2465 fluxerunt,
825 2390 1005 2467 descriptum
1037 2395 1110 2448 erat.
1159 2389 1292 2448 Alterius
1326 2409 1398 2451 vero

252 2492 371 2568 generis
401 2489 514 2550 seholia
545 2508 583 2548 ex
611 2487 735 2549 Cornuti
760 2491 889 2548 maxime
918 2496 1082 2550 commento
1113 2492 1143 2549 in
1165 2491 1297 2552 Probum
1323 2492 1399 2550 inre·

252 2596 389 2669 pserunt;
422 2590 501 2669 quod
523 2595 681 2668 postquam
702 2590 815 2667 primus
844 2591 1011 2667 suspioatus
1035 2597 1082 2650 est
1104 2589 1172 2651 Chr.
1203 2589 1310 2650 Straeh
1329 2591 1350 2650 l.
1374 2611 1399 2650 a.

252 2714 282 2770 p.
298 2694 326 2765 5,
349 2692 493 2769 probatur
513 2690 624 2750 tabulis
641 2709 731 2768 supra
752 2691 923 2768 propositis.
968 2689 1042 2750 Cum
1062 2693 1140 2750 enim
1154 2691 1295 2752 Valliana
1309 2693 1398 2751 huius

253 2792 372 2867 generis
387 2792 650 2868 interpretamenta
673 2810 761 2869 saepe
784 2811 849 2850 eum
867 2791 990 2852 seholiis
1013 2792 1096 2852 eodd.
1113 2793 1312 2867 Leidensium,
1335 2794 1399 2871 qui·

254 2893 309 2950 bus
333 2889 455 2951 Cornuti
487 2893 616 2951 maxime
644 2893 811 2952 eontinetur
836 2893 1073 2967 commentarius,
1107 2894 1175 2969 plus
1203 2895 1300 2952 miuus
1333 2913 1399 2952 eon·

253 2993 383 3065 veniant,
417 2992 489 3050 haee
514 3011 562 3050 res
590 2992 700 3069 partim
722 2993 841 3071 quidem
867 2994 910 3052 ita
932 2994 1107 3071 explicatur,
1140 2999 1174 3051 ut
1201 3012 1238 3052 ex
1266 2994 1399 3070 pleniore

253 3093 398 3153 honorum
429 3093 678 3169 antiquorumque
710 3092 891 3152 scholiorum
919 3094 1083 3171 exemplari
1116 3093 1261 3172 quaedam
1288 3095 1318 3152 in
1345 3093 1399 3152 hos

255 3192 370 3252 codices
392 3196 512 3269 recepta
534 3210 600 3251 esse
623 3197 797 3265 statuamus,
829 3193 861 3251 id
883 3193 963 3271 quod
982 3196 1143 3272 ,praecipue
1172 3194 1208 3252 de
1230 3193 1294 3253 eod.
1315 3193 1398 3254 Laid.

254 3292 327 3351 bibl.
339 3293 421 3370 publ.
433 3312 477 3352 nr.
491 3294 531 3352 82
554 3292 666 3352 dietum
687 3293 773 3363 volo;
796 3293 831 3352 es.
854 3298 974 3370 praeter
988 3294 1070 3353 loeus
1094 3315 1112 3354 a
1135 3293 1263 3370 Gigehio
1286 3295 1399 3371 Appar.

255 3394 320 3451 erit.
342 3413 371 3469 p.
397 3396 414 3450 9
438 3413 504 3471 sqq.
534 3393 668 3471 prolatos
700 3394 814 3454 saholia
844 3393 928 3453 illius
951 3393 1061 3454 eodiois
1094 3395 1132 3453 ad
1154 3395 1204 3454 III
1228 3398 1255 3454 1.
1279 3397 1327 3455 32.
1350 3396 1399 3453 38.

256 3496 304 3551 74.
330 3493 398 3551 115.
429 3496 498 3553 137.
528 3496 598 3552 210.
623 3495 692 3553 261.
719 3497 789 3554 266.
812 3496 887 3566 283;
918 3513 1098 3573 quamquam
1131 3497 1220 3554 etiam
1252 3497 1283 3555 in
1317 3493 1399 3555 eodd.

255 3593 344 3652 Voss.
366 3585 410 3652 nr.
435 3596 473 3653 18
497 3599 526 3652 et
541 3596 581 3654 64
602 3595 663 3654 tale
686 3595 758 3672 quid
779 3595 891 3654 laetum
914 3601 971 3668 est;
995 3595 1031 3655 of.
1047 3595 1153 3654 horum
1177 3597 1261 3656 eodd.
1286 3596 1400 3656 soholia

255 3693 413 3769 glossasve
428 3694 465 3751 ad
480 3694 530 3753 III
554 3697 600 3754 18.
624 3695 672 3753 29.
696 3696 744 3753 36.
767 3696 816 3754 54.
842 3697 891 3754 61.
914 3697 962 3755 77.
987 3698 1035 3755 94.
1059 3697 1127 3755 100.
1152 3697 1221 3756 108.
1245 3696 1399 3754 127158.

256 3797 325 3854 214.
350 3795 420 3854 215.
448 3796 517 3854 221.
542 3797 611 3854 226.
641 3796 710 3855 235.
740 3797 808 3855 249.
838 3797 907 3857 258.
932 3798 1002 3856 287.
1034 3799 1103 3857 296.
1127 3795 1216 3856 314¹.
1265 3797 1400 3856 Plurima

358 4061 365 4092 ¹
388 4059 457 4113 Cum
467 4058 583 4113 Cornuti
602 4057 816 4114 commentarius
833 4077 922 4128 neque
940 4063 1016 4114 totus
1034 4059 1125 4112 editus
1144 4058 1233 4112 sit-
1251 4074 1316 4123 nam
1329 4056 1401 4110 anti·

256 4166 339 4218 quam
363 4148 440 4202 illam
465 4165 536 4216 quae
559 4146 650 4200 fertur
668 4147 780 4202 Ioannis
805 4147 840 4202 de
858 4146 1005 4202 Westfalia
1029 4145 1180 4200 editionem
1198 4143 1401 4198 lovaniensem

255 4254 344 4305 neque
373 4235 484 4288 lahnius
509 4234 645 4303 inspicere
667 4236 761 4304 potuit
785 4235 832 4303 (ef.
858 4234 940 4303 proll.
963 4234 999 4288 ad
1022 4233 1095 4288 Pers.
1115 4251 1141 4302 p.
1160 4231 1286 4301 CXVlII)
1310 4245 1400 4298 neque

255 4339 307 4392 ego
327 4321 440 4390 adsequi
470 4351 503 4360 -
536 4325 563 4375 et
582 4321 611 4374 in
630 4321 711 4375 editis
729 4321 857 4390 partibus
875 4319 957 4389 pauci
976 4337 1066 4388 neque
1083 4324 1115 4374 ut
1132 4319 1245 4374 videtur
1263 4316 1402 4387 aptissimi

256 4411 292 4462 ad
311 4409 382 4463 hano
401 4425 462 4462 rem
481 4409 588 4462 eodiees
608 4409 664 4462 sint
683 4408 811 4476 adhibiti,
839 4412 915 4462 certo
934 4408 990 4462 diei
1009 4408 1113 4475 nequit,
1143 4410 1238 4459 utrum
1257 4405 1316 4473 ipse
1335 4405 1400 4459 Cor·

255 4500 338 4550 nutus
353 4495 464 4548 scholiis
479 4496 600 4564 antiquis
616 4495 711 4564 quarti
726 4495 828 4550 saeculi
846 4512 911 4548 usus
930 4496 967 4548 sit
987 4513 1023 4548 an
1040 4495 1089 4547 illa
1108 4494 1357 4560 interpretamenta
1370 4493 1400 4546 in
