3266 4914
497 1397 766 1478 sulrulrllu
799 1396 1187 1477 celricovllltsilu..

280 1752 287 1766 .
342 1708 410 1767 Iuv.
433 1708 494 1766 VII
519 1707 683 1767 184-185
707 1706 749 1764 sic
773 1703 962 1764 scribendum
985 1710 1044 1764 est:

429 1809 658 1884 quanticumque
682 1806 795 1878 domus,
818 1804 903 1862 veuit
925 1805 976 1880 qui
998 1805 1112 1864 fercula
1134 1805 1220 1866 docte

429 1910 579 1985 conponit,
611 1908 695 1966 venit
722 1907 774 1983 qui
797 1906 998 1982 pulmentaria
1021 1907 1129 1965 condit.

281 2069 288 2082 .
343 2024 403 2085 (lic.
427 2045 472 2102 ep.
501 2024 538 2082 ad
561 2025 626 2082 Att.
653 2024 669 2081 I
694 2025 743 2096 13,
767 2023 785 2080 5
809 2024 915 2083 verba:
951 2017 988 2081 ‘a
1012 2023 1040 2081 d.
1064 2023 1124 2082 III.
1148 2024 1223 2082 Non.
1246 2024 1403 2082 Decembr.

342 2125 481 2184 mendose
502 2126 596 2182 fuisse
617 2116 907 2182 animadverteram’
929 2122 966 2180 ad
990 2122 1175 2182 Metellinam
1199 2142 1274 2200 quae
1296 2124 1405 2182 dicitur

343 2227 505 2284 cretionem
524 2231 658 2301 spectare
679 2223 828 2283 videntur.

280 2389 287 2402 .
341 2343 377 2400 In
400 2329 524 2400 Poeiruli
545 2342 704 2399 Plautinae
737 2340 819 2398 exitu
848 2339 952 2412 altero,
990 2358 1077 2416 quern
1108 2341 1205 2398 solum
1241 2341 1402 2414 genuinum

249 2433 256 2446 ⁶
343 2463 485 2502 essenon
521 2442 607 2501 modo
635 2447 810 2516 argumento
832 2459 850 2498 a
869 2440 1040 2517 Brugmano
1064 2441 1192 2518 prolato,
1225 2439 1276 2499 sed
1310 2442 1400 2500 etiam

342 2545 410 2604 aliis
426 2563 463 2601 ex
478 2545 634 2620 utriusque
648 2561 771 2601 scaenae
786 2536 1006 2616 (1304-1355
1022 2549 1053 2601 et
1070 2541 1276 2601 1356-1406
1294 2538 1403 2620 chp.)

342 2663 476 2703 sermone
499 2649 528 2701 et
549 2650 613 2701 arte
638 2643 740 2719 petitis
754 2642 882 2718 probare
897 2642 978 2712 licet,
1002 2642 1109 2701 verbo:
1142 2637 1236 2700 ‘Heus
1257 2647 1298 2714 tu,
1323 2637 1402 2704 leuo'

343 2741 386 2819 (v.
411 2742 504 2816 1382)
533 2750 575 2802 et:
609 2737 662 2801 ‘Ut
691 2743 811 2800 iamiam
834 2741 875 2799 mi
897 2749 1055 2818 argentum
1076 2743 1195 2814 reddes,
1228 2743 1404 2820 prinsquam

341 2845 372 2902 in
403 2863 528 2902 nervum
559 2837 727 2902 abducere?
771 2837 816 2916 (v.
851 2837 946 2916 1383)
982 2847 1024 2901 et:
1070 2836 1200 2902 ‘Curato’
1232 2844 1276 2914 (v.
1313 2837 1403 2918 1402)

344 2941 576 3000 Antamoenidae
596 2941 754 3000 tribuenda
777 2946 854 3000 sunt.

282 3104 289 3118 .
343 3059 390 3117 Ib.
413 3079 443 3119 v.
468 3061 548 3118 1398
572 3059 615 3118 sic
635 3059 727 3118 scribi
748 3059 854 3118 velim:
1207 3113 1221 3138 ,

342 3157 433 3230 Leno,
455 3163 488 3216 tu
511 3164 563 3215 aut
578 3159 703 3216 amicam
724 3159 798 3217 mihi
820 3159 872 3217 des
895 3159 984 3217 facito
1002 3163 1052 3216 aut
1067 3157 1141 3215 mihi
1155 3157 1263 3216 reddas
1285 3159 1404 3218 minam.

281 3319 288 3332 .
343 3274 423 3333 Vell.
445 3273 479 3331 ΙΙ
502 3275 571 3346 118,
597 3276 613 3331 2
636 3275 797 3350 legendum
820 3295 939 3334 censeo:

385 3375 549 3448 Arminius,
573 3374 713 3451 Sigimeri
734 3377 878 3453 principis
901 3377 999 3450 gentis
1022 3375 1238 3434 Cheruscorum
1260 3377 1349 3435 lilius.

282 3535 289 3550 .
343 3490 453 3549 Aesch.
477 3489 558 3568 Sept.
584 3493 642 3550 169
666 3493 776 3551 codicis
791 3493 918 3551 Medicei
940 3493 1104 3568 scriptura:

571 3585 700 3660 ξύνοικος
718 3584 779 3668 εἴην
800 3594 840 3676 τῷ
860 3587 1012 3672 γυναικείῳ
1032 3585 1107 3667 γένει

342 3689 490 3748 mordicus
512 3691 640 3748 tenenda
663 3697 717 3750 est.

281 3853 288 3866 .
341 3806 453 3882 Hymn.
477 3807 565 3866 Hom.
589 3807 733 3865 XXXIII
758 3809 794 3865 16
818 3807 1009 3866 scribendum
1031 3826 1178 3884 propono:

420 3901 536 3976 ναύταις
555 3896 675 3982 σήματα
696 3904 780 3979 καλὰ,
804 3903 895 3964 πόνου
916 3901 1011 3964 λύσιν·
1036 3899 1064 3964 οἱ
1086 3901 1118 3965 δὲ
1139 3895 1254 3977 ἰδόντες.

282 4067 289 4081 .
343 4022 379 4080 ln
402 4023 480 4081 Plat.
504 4023 621 4082 Menon.
653 4025 692 4083 95
717 4025 743 4082 Ε
770 4043 866 4101 neque
894 4044 959 4106 qum
983 4025 1122 4083 Bekkero
1142 4019 1270 4099 μεταβὰς
1291 4031 1403 4084 mutan·

342 4121 412 4181 dum
433 4123 464 4179 in
485 4118 620 4197 καταβὰς,
643 4142 740 4200 neque
763 4142 801 4182 ex
813 4123 948 4182 Platonis
970 4123 1073 4182 verbis
1096 4123 1230 4182 conicere
1252 4123 1325 4180 licet
1350 4118 1403 4194 (f.

342 4221 453 4296 Bergk.
481 4240 557 4279 mus.
586 4222 681 4282 Rhen.
705 4223 755 4281 ΙΙΙ
776 4243 805 4299 p.
833 4225 896 4282 410
923 4228 952 4282 et
972 4229 1065 4300 pcctt.
1088 4223 1165 4298 lyrr.
1198 4221 1235 4280 ad
1269 4221 1402 4298 Theogn.

343 4319 418 4394 435)
450 4321 481 4378 in
508 4339 580 4379 vera
607 4329 637 4380 et
672 4325 790 4399 integra
820 4321 1002 4399 Theognidis
1035 4323 1199 4398 elegiarum
1228 4321 1403 4380 collectione

342 4439 400 4478 non
433 4421 475 4478 ita
508 4420 600 4497 longo
632 4423 794 4482 intervallo
826 4428 964 4498 separata
996 4421 1091 4480 fuisse
1123 4421 1180 4480 duo
1214 4423 1353 4495 carmina,
1386 4440 1402 4479 e
