3250 4914
864 203 897 258 18

306 381 456 460 antiquior
477 381 514 440 D.
536 401 565 440 u.
584 383 645 440 476
667 385 842 448 atramento,
873 381 1020 440 recentior
1040 383 1102 441 870
1129 381 1223 440 urinio
1252 383 1397 458 scriptus
1431 387 1474 438 est

306 489 457 560 -atque
479 481 599 540 titulum
624 481 735 539 receuti
758 500 846 539 mann
868 481 1015 540 additum:

604 583 683 642 Pura
702 567 853 656 conrard
864 583 1026 642 Iaomnlc'e.

610 683 691 743 Tunc
712 683 817 760 eeqrrr'tq
836 685 869 741 in
890 683 1003 744 eoadem
1027 667 1178 744 Gor-›lerato-

606 801 680 842 reue.

306 883 382 944 nihil
407 885 537 944 continet
551 885 609 944 uisi
625 885 743 960 signum
758 884 931 944 monasterii
943 882 1160 958 sangallensis.
1204 882 1290 942 Idam
1305 883 1468 944 invenitur

306 987 336 1044 iu
358 987 468 1063 pagina
488 985 594 1044 ultima
617 977 705 1060 (326)
726 991 794 1061 post
810 1003 863 1042 sex
878 1003 994 1056 uersus,
1017 983 1126 1060 quibus
1142 983 1332 1042 eontinentur
1351 982 1465 1043 scholi.

307 1083 343 1144 ad
359 1085 436 1146 XVI
454 1085 587 1160 sau-45,
610 1091 640 1142 et
660 1084 733 1144 baec
752 1085 845 1146 verba
868 1083 969 1144 eodem
992 1103 1089 1158 manu,
1112 1103 1171 1162 qua
1192 1084 1324 1142 maxima
1346 1083 1465 1142 codicis

305 1204 385 1264 para,
407 1185 574 1244 uncialibus
598 1203 673 1262 qnae
696 1185 836 1244 dicuntur
857 1185 966 1243 litteris
989 1185 1113 1262 scripta:

444 1278 622 1346 EXPLICIT
644 1280 813 1346 ctovaa
837 1279 871 1344 ΙΝ
897 1279 1126 1344 IVVENAIEM
1149 1279 1328 1346 ΡΟΕΤΑΜ·

405 1385 497 1446 Liber
518 1391 598 1446 totus
621 1387 683 1444 fere
706 1385 807 1444 eadem
830 1405 918 1444 manu
940 1387 1069 1463 scriptus
1092 1392 1138 1444 est
1159 1385 1262 1444 littera
1288 1385 1462 1444 minuscula

307 1486 483 1564 antiquiore,
505 1488 547 1546 ita
568 1493 602 1546 ot
623 1487 687 1544 iure
709 1485 827 1544 saeculo
848 1485 894 1544 IX
917 1487 1076 1556 tribuatur,
1098 1487 1170 1544 satis
1186 1485 1354 1561 elegantem
1376 1487 1460 1545 falso

305 1595 404 1646 tamen
421 1585 578 1648 Gramerus
599 1585 707 1664 (praef.
723 1607 751 1664 p.
769 1579 821 1663 13)
842 1586 955 1646 nullam
977 1587 1019 1646 ibi
1042 1605 1176 1644 rasuram
1200 1605 1265 1644 esse
1288 1586 1459 1646 contendit:

307 1693 376 1748 suut
390 1689 469 1746 enim
483 1687 563 1746 baud
582 1705 703 1765 paucae.
749 1687 856 1746 Altera
878 1693 975 1746 autem
999 1705 1096 1760 mauu,
1119 1705 1195 1763 quae
1220 1687 1309 1744 etiam
1330 1686 1460 1746 nitidior

307 1794 361 1862 est,
396 1789 524 1866 scriptae
547 1793 616 1848 sunt
637 1807 666 1864 p.
682 1783 772 1862 (cod.)
789 1789 848 1846 259
871 1806 964 1864 paene
985 1793 1049 1846 tota
1070 1787 1088 1846 i.
1112 1805 1136 1844 e.
1160 1785 1228 1844 inde
1250 1806 1268 1844 a
1290 1805 1356 1848 voc.
1379 1778 1458 1864 ber]-

306 1890 382 1949 eab's
402 1885 447 1966 (iu
470 1887 563 1948 schol.
580 1886 616 1946 ad
630 1887 675 1946 XI
691 1885 743 1958 93)
766 1906 860 1965 usque
883 1886 919 1946 ad
941 1887 1029 1946 finem
1052 1885 1151 1961 (poree
1167 1887 1294 1946 biberent
1312 1887 1343 1945 in
1359 1885 1457 1945 schol.

306 1989 343 2048 ad
366 1989 489 2066 XIII),
511 2010 540 2066 p.
555 1989 614 2048 262
637 1993 667 2046 ct
688 2007 715 2064 p.
727 1989 787 2046 263
810 1987 874 2046 init.
899 1987 918 2044 i.
942 2007 966 2046 e.
990 1987 1057 2046 inde
1079 2007 1096 2045 a
1117 2007 1184 2048 voe.
1207 1989 1269 2046 olto
1291 1983 1335 2062 (in
1357 1986 1457 2046 schol.

306 2087 344 2148 ad
366 2087 413 2146 XI
437 2084 509 2164 102)
536 2108 631 2166 usque
657 2089 693 2147 ad
717 2089 821 2148 civitas
840 2090 938 2175 epyptt
960 2083 1066 2162 (schol.
1090 2087 1127 2146 ad
1149 2087 1196 2146 XI
1221 2081 1300 2162 124),
1328 2108 1379 2166 pp.
1393 2089 1456 2146 269

307 2197 336 2270 et
364 2191 424 2249 270
451 2189 574 2248 dimidio
599 2191 619 2247 i.
643 2208 666 2248 e.
695 2208 712 2246 a
738 2207 820 2248 voce.
844 2189 890 2282 ἀι)
918 2190 1040 2263 αιινὶραε
1068 2185 1111 2258 (in
1138 2187 1231 2248 schol.
1255 2187 1292 2247 ad
1314 2187 1361 2246 XI
1380 2187 1457 2262 195)

306 2309 401 2368 usque
428 2289 465 2348 ad
490 2291 535 2350 loc
559 2306 664 2364 sapere
691 2284 798 2362 (schol.
821 2287 859 2346 ad
880 2287 944 2346 XII
967 2282 1008 2364 8),
1031 2307 1060 2364 p.
1084 2289 1145 2348 274
1169 2289 1233 2347 init.
1255 2289 1274 2346 i.
1297 2307 1322 2348 e.
1345 2288 1413 2346 inde
1438 2307 1457 2347 a

306 2409 388 2452 voco.
411 2393 446 2451 de
464 2391 540 2464 pino
562 2386 605 2459 (in
629 2387 722 2448 schol.
746 2387 782 2446 ad
806 2388 868 2446 XII
884 2383 937 2463 59)
960 2406 1056 2465 usque
1078 2387 1116 2446 od
1132 2393 1257 2462 porum,
1286 2407 1343 2466 quo
1365 2407 1455 2448 voca·

306 2492 375 2550 bulo
396 2489 582 2550 concluditur
604 2486 696 2547 schol.
713 2487 750 2546 ad
765 2488 828 2546 XII
844 2491 891 2549 60.
936 2489 1037 2548 Tertia
1059 2488 1204 2565 quaedam
1225 2507 1340 2561 manus,
1364 2508 1455 2566 qnam

306 2598 336 2650 et
357 2611 375 2650 a
395 2593 492 2669 prima
514 2596 543 2651 et
563 2591 600 2648 ab
623 2589 719 2648 altera
741 2588 884 2648 facillime
907 2589 1067 2661 discernas,
1092 2589 1213 2666 scripsit
1226 2608 1274 2666 pp.
1287 2590 1454 2647 293-299

306 2692 458 2752 dimidiam
480 2693 499 2752 i.
522 2711 547 2750 o.
570 2690 638 2750 inde
659 2710 677 2748 a
699 2709 781 2750 voco.
804 2690 885 2764 opud
905 2691 1054 2748 erodotarn
1075 2683 1117 2762 (iu
1130 2687 1272 2746 scholod
1285 2687 1365 2746 XIII
1378 2683 1453 2764 199)

305 2811 400 2869 usque
422 2792 459 2851 ad
480 2793 564 2851 utilis
580 2794 700 2866 patriae
722 2787 765 2862 (iu
782 2789 874 2850 schol.
887 2789 922 2848 ad
935 2788 1011 2848 XIV
1029 2781 1081 2863 71)
1105 2793 1135 2846 et
1153 2807 1203 2866 pp.
1216 2789 1273 2847 301
1289 2789 1337 2847 fin.
1350 2789 1454 2847 -303

305 2893 326 2950 i.
348 2911 373 2950 e.
397 2910 516 2951 avoco.
552 2889 637 2950 Inter
656 2892 801 2951 mititaree
823 2886 865 2964 (in
886 2888 978 2948 schol.
999 2889 1046 2948 ad.
1069 2887 1145 2948 XIV
1160 2887 1214 2962 91)
1237 2888 1275 2946 ad
1294 2908 1376 2948 voco.
1393 2907 1453 2948 am·

304 2992 574 3066 paraetacenen
598 2987 641 3060 (in
664 2988 755 3050 schol.
779 2990 816 3048 ad
839 2989 914 3048 XIV
929 2987 1011 3064 143).
1048 2988 1184 3065 Denique
1200 2994 1384 3050 correcturae
1399 3007 1455 3066 per

305 3096 401 3152 totum
425 3089 555 3150 codicem
578 3089 637 3148 alia
658 3090 754 3147 factae
777 3094 845 3148 aunt
867 3108 963 3148 manu.

402 3189 540 3252 Continet
567 3191 616 3250 hic
645 3190 736 3250 liber:
772 3191 797 3248 1.
821 3208 871 3266 pp.
888 3189 1000 3264 6-31,
1027 3189 1060 3247 ll.
1086 3191 1166 3248 1—3
1196 3208 1302 3250 versus
1328 3191 1388 3247 459
1415 3207 1452 3247 ex

305 3291 398 3352 variis
427 3293 556 3352 omnium
583 3293 645 3352 fere
672 3295 801 3351 aetatum
827 3289 924 3366 poetis
946 3289 1061 3348 Latinis
1089 3289 1280 3367 depromptos
1302 3288 1340 3347 ad
1363 3289 1452 3365 sylla-

305 3391 410 3450 barum
441 3399 475 3450 ut
505 3392 625 3452 videtur
655 3391 850 3469 quantitatem
884 3388 1045 3448 docendam
1074 3396 1227 3468 artemque
1248 3409 1355 3451 versus
1377 3409 1452 3448 com·

304 3489 442 3566 ponendi.
486 3492 532 3549 De
553 3491 610 3550 hoc
636 3497 759 3550 centone
782 3491 988 3567 similibusque
1024 3489 1138 3550 duobus
1166 3492 1334 3550 accuratius
1367 3508 1451 3566 agam

305 3590 478 3667 propediem
499 3591 530 3649 in
552 3609 654 3650 museo
678 3589 835 3660 Rhenan03
868 3591 988 3673 interim
1010 3610 1040 3650 v.
1064 3609 1139 3668 quae
1162 3589 1273 3650 habent
1295 3589 1451 3650 Oromenus

304 3690 398 3766 praef.
420 3710 470 3768 pp.
497 3689 616 3749 14-17
638 3696 667 3749 et
689 3690 821 3750 Wirzius
844 3689 865 3747 l.
888 3709 912 3748 c.
936 3709 965 3766 p.
991 3692 1050 3749 445
1069 3710 1135 3768 sqq.

406 3791 435 3848 2.
478 3789 625 3851 Secuntur
645 3791 733 3850 unius
755 3808 861 3849 versus
877 3791 972 3866 spatio
988 3791 1157 3850 intermisso
1174 3791 1290 3852 scholia
1305 3790 1449 3870 quaedam

305 3889 500 3949 Iuvenaliana
512 3884 576 3968 (pp.
591 3886 737 3965 31—37),
759 3890 866 3968 quibus
884 3890 938 3948 sub
956 3891 1044 3948 finem
1061 3891 1234 3951 intermixta
1252 3899 1321 3951 sunt
1337 3891 1451 3950 scholia

305 3989 448 4048 Parsiana
470 3997 500 4050 et
521 4010 626 4051 versus
649 3995 808 4067 partesque
829 4009 973 4049 versuum
994 3995 1083 4066 atque
1106 3991 1224 4067 singula
1244 3992 1390 4053 voeabula
1414 4009 1451 4049 ex

305 4089 458 4151 Iuvenalis
471 4090 628 4169 Persiiquc
651 4091 760 4149 saturis
781 4091 875 4166 petita
897 4091 1130 4168 quantitatisque
1154 4092 1340 4168 syllabarum
1355 4091 1450 4167 signis

305 4191 460 4250 instructa.
505 4189 638 4269 Sumpsit
658 4196 758 4250 autem
780 4190 853 4249 haec
877 4188 991 4248 scholia
1013 4196 1043 4250 et
1065 4211 1140 4269 quae
1163 4193 1206 4252 eis
1228 4193 1362 4253 admixta
1382 4196 1451 4250 sunt

305 4291 476 4368 monachus,
501 4293 668 4370 quitatum
690 4292 753 4351 fere
774 4291 853 4351 hunc
874 4291 984 4351 librum
1006 4293 1143 4368 confecit,
1166 4314 1204 4353 ex
1226 4293 1328 4352 eodem
1351 4289 1451 4348 oodioe

305 4385 391 4470 (olim
414 4390 504 4470 Sang.
526 4393 563 4452 D.
586 4413 631 4453 nr.
655 4389 739 4468 304),
772 4393 849 4452 unde
884 4398 915 4451 et
947 4394 1080 4452 centonis
1111 4411 1218 4454 versus
1240 4387 1451 4449 Iuvenalianos
