3250 4914
766 329 782 383 8

182 512 390 591 grammatici
420 512 451 568 in
473 507 648 571 Iuvenalem
676 505 902 564 commentarios
930 508 1035 578 vocat;
1069 521 1106 562 ex
1137 502 1239 562 eodem
1272 500 1350 560 enim

184 615 283 673 fonte
323 611 454 670 maxima
495 609 558 668 aius
595 626 665 684 pars
700 605 802 678 fluxit,
840 622 898 682 quo
936 601 1050 662 scholia
1088 601 1352 679 Montapassulana

185 712 414 790 Sangallensia
436 709 635 786 Argovensia.
680 705 764 773 Quae
789 723 861 766 vero
888 705 965 763 ratio
993 703 1159 762 intercedat
1179 703 1258 760 inter
1278 701 1352 760 haec

187 820 225 874 et
238 815 349 875 Vallae
360 812 501 884 Probum,
525 809 693 868 accuratius
709 824 892 883 exponemus
908 805 1006 881 capite
1020 803 1108 862 huius
1132 803 1227 862 libelli
1250 803 1349 860 tertio.

669 1569 821 1656 Garun
853 1571 884 1654 I.

334 1849 337 1854 ·
361 1833 420 1898 ΒΕ
444 1831 603 1899 comen
625 1831 1032 1899 MONTEPESSVLANO
1055 1831 1110 1896 Nr.
1134 1832 1203 1895 125.

306 2049 405 2108 Huius
433 2047 562 2108 codicis¹
590 2049 803 2108 accuratiorem
830 2050 1070 2125 exactionemque
1096 2047 1233 2106 notitiam
1260 2045 1353 2105 debeo

205 2151 273 2210 viro
307 2149 479 2208 doctissimo
507 2156 536 2209 et
569 2169 640 2226 erga
668 2169 714 2208 me
745 2149 1029 2211 benevolentissime
1063 2149 1104 2208 Μ.
1126 2149 1271 2222 Bonneto,
1303 2148 1354 2224 qui

206 2271 254 2309 me
278 2249 314 2310 de
335 2251 493 2328 permultis
517 2251 581 2309 cius
603 2251 689 2328 locis,
717 2250 753 2309 de
776 2250 905 2310 dlversis
927 2251 956 2308 in
980 2268 1014 2310 eo
1037 2249 1173 2308 manibus
1195 2247 1355 2324 interpola·

208 2351 341 2410 tionibus
363 2351 607 2427 inscriptionibus
631 2369 745 2410 summa
766 2350 948 2408 humanitate
967 2349 1183 2427 diligentiaque
1199 2349 1354 2408 certiorem

208 2451 294 2525 feeit;
326 2453 373 2511 oui
399 2453 465 2512 viro
494 2453 604 2530 optime
627 2451 662 2510 de
685 2470 732 2510 me
756 2453 862 2510 merito
885 2450 941 2511 hoc
965 2449 1030 2510 loco
1053 2451 1150 2509 laetus
1173 2449 1279 2508 lubens
1302 2468 1354 2525 pu·

207 2553 302 2611 blicas
324 2572 381 2630 ago
404 2555 527 2630 gratias.

308 2652 459 2731 Scriptum
491 2673 555 2712 esse
590 2653 721 2712 codicem
755 2653 786 2710 iu
818 2651 996 2710 monasterio
1024 2649 1272 2710 laureshamensi
1305 2658 1356 2710 aut

212 2759 289 2812 certe
311 2755 361 2812 diu
391 2755 469 2814 inter
490 2754 585 2813 libros
608 2754 671 2812 eius
697 2754 789 2812 fuisse
818 2757 965 2810 testantur
989 2749 1062 2809 haec
1088 2751 1192 2825 verba,
1227 2754 1354 2828 quaein

212 2854 315 2912 ultima
335 2855 446 2931 pagina
468 2859 586 2912 exstant
607 2873 695 2911 manu
718 2853 828 2911 saeculi
851 2851 897 2909 IX
918 2851 969 2911 vel
991 2851 1021 2909 X
1044 2851 1170 2927 scripta:

461 2977 559 3039 cocao
579 2956 624 3039 sii
643 2975 835 3038 narrem
853 2979 997 3038 narare
1018 2971 1102 3044 xpm

310 3299 319 3331 ¹
343 3298 383 3353 ef.
403 3299 557 3370 catalogue
579 3299 692 3369 general
716 3299 764 3352 des
787 3299 955 3353 manuscrits
977 3299 1027 3353 des
1050 3299 1256 3368 bibliotheqnes
1279 3301 1356 3370 publ.

217 3385 259 3439 des
277 3385 482 3455 departements
503 3385 598 3440 tom.l
617 3403 644 3454 p.
658 3385 710 3440 330
721 3403 762 3454 sq.

313 3475 324 3506 ²
342 3473 478 3528 Secuntur
497 3474 527 3527 in
545 3473 639 3528 codice
651 3473 681 3526 hi
694 3491 790 3527 versus
811 3473 917 3542 serIpti,
935 3473 958 3526 si
975 3489 1031 3526 non
1045 3473 1134 3542 prius,
1152 3477 1182 3527 at
1198 3474 1356 3530 saeculoX:

284 3559 339 3632 Qui
356 3562 430 3630 cupit
451 3561 521 3616 hunc
538 3562 635 3616 tibrum
655 3561 759 3615 attineat
777 3561 934 3615 contendere
949 3561 1069 3630 prs'mum

282 3648 339 3705 Hic
356 3649 529 3721 flaqetontaua
542 3649 668 3718 patietur
686 3648 769 3716 (corr.
789 3649 818 3702 in
834 3648 975 3718 potiatur)
995 3649 1177 3720 fleulrtburc
1192 3651 1324 3718 flammas.

220 3736 299 3790 Iidem
317 3753 413 3792 versus
431 3738 515 3808 paulo
534 3737 653 3791 inferius
670 3737 774 3791 iterum
792 3737 931 3808 leguntur.
969 3737 1096 3792 Ceterum
1116 3738 1149 3792 cf.
1168 3737 1356 3792 ‘Breviarium

221 3823 296 3879 Codd.
309 3826 471 3880 monasterii
485 3824 511 3880 S.
524 3824 638 3880 Nazarii
656 3824 686 3877 in
699 3823 831 3878 Laurissa
850 3843 897 3879 sau
910 3825 1155 3880 Laurcshamensis
1172 3827 1208 3880 ad
1219 3825 1358 3896 Rhenum,

222 3929 249 3964 cx
269 3917 429 3980 pervetusto
455 3913 549 3969 codice
572 3911 759 3966 bibliothecae
782 3911 1107 3982 Palatinae-vaticanae,
1136 3914 1185 3981 qui
1211 3913 1267 3968 fnit
1290 3913 1357 3967 olim

224 3999 335 4054 ciusdem
361 4001 539 4057 monasteriI’
567 4001 673 4055 editum
702 3999 737 4054 ab
761 4002 794 4054 A.
812 4001 887 4055 Maio
907 4000 1036 4072 Spicileg.
1051 4000 1169 4056 Rom.V
1186 4018 1213 4070 p.
1232 4002 1281 4055 161
1298 4018 1359 4068 sqq.
1437 4011 1440 4023 '

223 4088 246 4139 et
260 4085 421 4142 Wilmanns.
440 4105 510 4143 mus.
530 4087 618 4142 Rhen.
640 4085 733 4140 XXIII
752 4104 779 4156 p.
798 4089 858 4141 391.
889 4087 933 4142 lbi
952 4089 1025 4142 enim
1044 4088 1113 4143 haec
1133 4087 1276 4158 leguntur:
1296 4087 1358 4142 Lib.

224 4171 346 4229 incendit
369 4181 454 4244 poete.
479 4206 512 4215 -
536 4175 599 4231 Non
626 4174 714 4244 igitur
742 4175 840 4229 debuit
868 4175 962 4230 omitti
991 4175 1037 4231 hio
1064 4176 1152 4230 codex
1180 4193 1197 4230 a
1223 4174 1283 4230 Val.
1312 4175 1358 4228 Al.

226 4259 263 4313 Fr.
279 4260 359 4329 Falk,
386 4263 435 4330 qui
454 4263 483 4316 in
502 4264 584 4332 libro,
610 4263 657 4332 qui
676 4263 827 4332 inscriptus
851 4268 904 4318 est:
936 4263 1100 4318 Geschichte
1118 4265 1166 4318 des
1185 4263 1359 4334 ehemaligen

224 4347 337 4402 chsters
350 4348 456 4404 Lorsch
469 4351 572 4419 (Mainz
589 4351 678 4420 1866),
698 4350 728 4404 in
741 4350 835 4405 adnot.
850 4350 924 4404 4911
942 4352 977 4420 (p.
992 4351 1043 4405 176
1055 4352 1127 4420 sqq.)
1147 4350 1283 4420 pretiosos
1302 4368 1358 4404 ma·

224 4438 367 4508 rescriptos
392 4440 440 4508 qui
465 4440 529 4495 hale
557 4442 725 4496 monasterIc
745 4440 899 4495 debeantur
917 4441 1004 4495 libros
1024 4457 1187 4496 enumerans
1206 4438 1296 4493 nostri
1315 4457 1358 4495 co-

225 4525 280 4580 dIois
298 4527 406 4584 nullam
424 4527 493 4583 lacit
512 4528 691 4582 mentionem.
