<?xml version="1.0" encoding="UTF-8"?>
<!DOCTYPE html PUBLIC "-//W3C//DTD XHTML 1.0 Transitional//EN"
    "http://www.w3.org/TR/xhtml1/DTD/xhtml1-transitional.dtd">
<html xmlns="http://www.w3.org/1999/xhtml" xml:lang="en" lang="en">
 <head>
  <title>
</title>
<meta http-equiv="Content-Type" content="text/html;charset=utf-8" />
  <meta name='ocr-system' content='tesseract 3.04.00' />
  <meta name='ocr-capabilities' content='ocr_page ocr_carea ocr_par ocr_line ocrx_word'/>
</head>
<body>
  <div class='ocr_page' id='page_1' title='image "./depithoeanisini01stepgoog_0064.png"; bbox 0 0 3266 4914; ppageno 0'>
   <div class='ocr_carea' id='block_1_1' title="bbox 272 434 470 594">
    <p class='ocr_par' dir='ltr' id='par_1_1' title="bbox 272 434 470 594">
     <span class='ocr_line' id='line_1_1' title="bbox 272 434 470 495; baseline 0 -2"><span class='ocrx_word' id='word_1_1' title='bbox 272 436 331 495; x_wconf 83' lang='lat'><strong>266</strong></span> <span class='ocrx_word' id='word_1_2' title='bbox 343 434 470 494; x_wconf 82' lang='lat' dir='ltr'><strong>alterum</strong></span> 
     </span>
     <span class='ocr_line' id='line_1_2' title="bbox 361 534 455 594; baseline -0.011 -1"><span class='ocrx_word' id='word_1_3' title='bbox 361 534 455 594; x_wconf 85' lang='lat' dir='ltr'><strong>schol.</strong></span> 
     </span>
    </p>
   </div>
   <div class='ocr_carea' id='block_1_2' title="bbox 271 835 332 1090">
    <p class='ocr_par' dir='ltr' id='par_1_2' title="bbox 271 835 332 1090">
     <span class='ocr_line' id='line_1_3' title="bbox 272 835 332 892; baseline 0.033 -2"><span class='ocrx_word' id='word_1_4' title='bbox 272 835 332 892; x_wconf 92' lang='grc'><strong>274</strong></span> 
     </span>
     <span class='ocr_line' id='line_1_4' title="bbox 271 932 331 990; baseline 0.033 -2"><span class='ocrx_word' id='word_1_5' title='bbox 271 932 331 990; x_wconf 87' lang='grc'><strong>275</strong></span> 
     </span>
     <span class='ocr_line' id='line_1_5' title="bbox 272 1033 331 1090; baseline 0.017 -1"><span class='ocrx_word' id='word_1_6' title='bbox 272 1033 331 1090; x_wconf 91' lang='grc'><strong>276</strong></span> 
     </span>
    </p>
   </div>
   <div class='ocr_carea' id='block_1_3' title="bbox 271 1232 332 1490">
    <p class='ocr_par' dir='ltr' id='par_1_3' title="bbox 271 1232 332 1490">
     <span class='ocr_line' id='line_1_6' title="bbox 271 1232 331 1289; baseline 0.017 -1"><span class='ocrx_word' id='word_1_7' title='bbox 271 1232 331 1289; x_wconf 95' lang='grc'><strong>278</strong></span> 
     </span>
     <span class='ocr_line' id='line_1_7' title="bbox 272 1331 330 1389; baseline 0.034 -2"><span class='ocrx_word' id='word_1_8' title='bbox 272 1331 330 1389; x_wconf 85' lang='grc'><strong>279</strong></span> 
     </span>
     <span class='ocr_line' id='line_1_8' title="bbox 271 1432 332 1490; baseline 0.033 -2"><span class='ocrx_word' id='word_1_9' title='bbox 271 1432 332 1490; x_wconf 90' lang='grc'><strong>280</strong></span> 
     </span>
    </p>
   </div>
   <div class='ocr_carea' id='block_1_4' title="bbox 271 1532 1156 1690">
    <p class='ocr_par' dir='ltr' id='par_1_4' title="bbox 271 1532 1156 1690">
     <span class='ocr_line' id='line_1_9' title="bbox 271 1532 468 1609; baseline -0.02 -18"><span class='ocrx_word' id='word_1_10' title='bbox 271 1534 331 1592; x_wconf 89' lang='grc'><strong>283</strong></span> <span class='ocrx_word' id='word_1_11' title='bbox 339 1532 468 1609; x_wconf 87' lang='lat' dir='ltr'><strong>primum</strong></span> 
     </span>
     <span class='ocr_line' id='line_1_10' title="bbox 359 1622 1156 1690; baseline -0.009 0"><span class='ocrx_word' id='word_1_12' title='bbox 359 1631 453 1690; x_wconf 85' lang='lat' dir='ltr'><strong>sohel.</strong></span> <span class='ocrx_word' id='word_1_13' title='bbox 995 1622 1054 1680; x_wconf 89' lang='grc'><strong>283</strong></span> <span class='ocrx_word' id='word_1_14' title='bbox 1071 1624 1156 1683; x_wconf 85' lang='lat' dir='ltr'><strong>alter.</strong></span> 
     </span>
    </p>
   </div>
   <div class='ocr_carea' id='block_1_5' title="bbox 272 1721 1172 1890">
    <p class='ocr_par' dir='ltr' id='par_1_5' title="bbox 272 1721 1172 1890">
     <span class='ocr_line' id='line_1_11' title="bbox 272 1721 1172 1792; baseline -0.01 -2"><span class='ocrx_word' id='word_1_15' title='bbox 272 1733 332 1792; x_wconf 89' lang='grc'><strong>283</strong></span> <span class='ocrx_word' id='word_1_16' title='bbox 346 1731 468 1790; x_wconf 88' lang='lat' dir='ltr'><strong>tertium</strong></span> <span class='ocrx_word' id='word_1_17' title='bbox 1059 1721 1172 1784; x_wconf 76' lang='lat' dir='ltr'><strong>sehol.⁵</strong></span> 
     </span>
     <span class='ocr_line' id='line_1_12' title="bbox 359 1831 452 1890; baseline 0 0"><span class='ocrx_word' id='word_1_18' title='bbox 359 1831 452 1890; x_wconf 85' lang='lat' dir='ltr'><strong>sohel.</strong></span> 
     </span>
    </p>
   </div>
   <div class='ocr_carea' id='block_1_6' title="bbox 273 2121 469 2128">
    <p class='ocr_par' dir='ltr' id='par_1_6' title="bbox 273 2121 469 2128">
     <span class='ocr_line' id='line_1_13' title="bbox 273 2121 469 2128; baseline 0 -2"><span class='ocrx_word' id='word_1_19' title='bbox 273 2121 469 2128; x_wconf 45' lang='lat'><strong>*—</strong></span> 
     </span>
    </p>
   </div>
   <div class='ocr_carea' id='block_1_7' title="bbox 264 2259 1413 4528">
    <p class='ocr_par' dir='ltr' id='par_1_7' title="bbox 268 2259 1413 2844">
     <span class='ocr_line' id='line_1_14' title="bbox 270 2259 1413 2331; baseline -0.002 -15"><span class='ocrx_word' id='word_1_20' title='bbox 270 2261 428 2316; x_wconf 78' lang='lat' dir='ltr'><strong>Porthmea:</strong></span> <span class='ocrx_word' id='word_1_21' title='bbox 455 2260 596 2328; x_wconf 75' lang='lat' dir='ltr'><strong>partimus</strong></span> <span class='ocrx_word' id='word_1_22' title='bbox 618 2259 721 2316; x_wconf 82' lang='lat' dir='ltr'><strong>dicitnr</strong></span> <span class='ocrx_word' id='word_1_23' title='bbox 749 2267 882 2331; x_wconf 72' lang='lat' dir='ltr'><strong>anymtns</strong></span> <span class='ocrx_word' id='word_1_24' title='bbox 909 2261 1047 2329; x_wconf 80' lang='lat' dir='ltr'><strong>traiectus,</strong></span> <span class='ocrx_word' id='word_1_25' title='bbox 1076 2266 1104 2315; x_wconf 91' lang='lat' dir='ltr'><strong>et</strong></span> <span class='ocrx_word' id='word_1_26' title='bbox 1129 2261 1212 2331; x_wconf 83' lang='lat' dir='ltr'><strong>gloss.</strong></span> <span class='ocrx_word' id='word_1_27' title='bbox 1242 2261 1334 2315; x_wconf 88' lang='lat' dir='ltr'><strong>interl.</strong></span> <span class='ocrx_word' id='word_1_28' title='bbox 1354 2261 1413 2314; x_wconf 87' lang='lat' dir='ltr'><strong>eod.</strong></span> 
     </span>
     <span class='ocr_line' id='line_1_15' title="bbox 270 2347 1413 2418; baseline 0 -16"><span class='ocrx_word' id='word_1_29' title='bbox 270 2349 345 2403; x_wconf 85' lang='lat' dir='ltr'><strong>Voss.</strong></span> <span class='ocrx_word' id='word_1_30' title='bbox 366 2366 408 2402; x_wconf 85' lang='lat' dir='ltr'><strong>nr.</strong></span> <span class='ocrx_word' id='word_1_31' title='bbox 426 2351 470 2402; x_wconf 86' lang='lat'><strong>18:</strong></span> <span class='ocrx_word' id='word_1_32' title='bbox 491 2349 650 2403; x_wconf 80' lang='lat' dir='ltr'><strong>Porthmea:</strong></span> <span class='ocrx_word' id='word_1_33' title='bbox 669 2354 806 2404; x_wconf 79' lang='lat' dir='ltr'><strong>carentem</strong></span> <span class='ocrx_word' id='word_1_34' title='bbox 816 2348 1082 2418; x_wconf 75' lang='lat' dir='ltr'><strong>portitoremqraree.</strong></span> <span class='ocrx_word' id='word_1_35' title='bbox 1104 2377 1136 2386; x_wconf 98' lang='lat'><em>-</em></span> <span class='ocrx_word' id='word_1_36' title='bbox 1147 2348 1266 2403; x_wconf 85' lang='lat' dir='ltr'><strong>Videtur</strong></span> <span class='ocrx_word' id='word_1_37' title='bbox 1277 2349 1307 2401; x_wconf 94' lang='lat' dir='ltr'><strong>in</strong></span> <span class='ocrx_word' id='word_1_38' title='bbox 1316 2347 1413 2402; x_wconf 81' lang='lat' dir='ltr'><strong>Vallee</strong></span> 
     </span>
     <span class='ocr_line' id='line_1_16' title="bbox 268 2436 1412 2506; baseline 0 -16"><span class='ocrx_word' id='word_1_39' title='bbox 268 2437 341 2491; x_wconf 89' lang='lat' dir='ltr'><strong>libro</strong></span> <span class='ocrx_word' id='word_1_40' title='bbox 361 2437 413 2491; x_wconf 90' lang='lat' dir='ltr'><strong>hoo</strong></span> <span class='ocrx_word' id='word_1_41' title='bbox 432 2436 566 2490; x_wconf 78' lang='lat' dir='ltr'><strong>scholium</strong></span> <span class='ocrx_word' id='word_1_42' title='bbox 593 2437 669 2491; x_wconf 80' lang='lat' dir='ltr'><strong>haud</strong></span> <span class='ocrx_word' id='word_1_43' title='bbox 694 2437 785 2491; x_wconf 88' lang='lat' dir='ltr'><strong>minus</strong></span> <span class='ocrx_word' id='word_1_44' title='bbox 812 2442 975 2506; x_wconf 81' lang='lat' dir='ltr'><strong>corruptum</strong></span> <span class='ocrx_word' id='word_1_45' title='bbox 1004 2437 1143 2492; x_wconf 77' lang='lat' dir='ltr'><strong>exstitisse</strong></span> <span class='ocrx_word' id='word_1_46' title='bbox 1173 2455 1257 2506; x_wconf 81' lang='lat' dir='ltr'><strong>quam</strong></span> <span class='ocrx_word' id='word_1_47' title='bbox 1284 2437 1314 2490; x_wconf 89' lang='lat' dir='ltr'><strong>in</strong></span> <span class='ocrx_word' id='word_1_48' title='bbox 1332 2437 1412 2491; x_wconf 85' lang='lat' dir='ltr'><strong>eodd.</strong></span> 
     </span>
     <span class='ocr_line' id='line_1_17' title="bbox 268 2524 1411 2596; baseline 0.001 -19"><span class='ocrx_word' id='word_1_49' title='bbox 268 2524 356 2578; x_wconf 82' lang='lat' dir='ltr'><strong>Mont.</strong></span> <span class='ocrx_word' id='word_1_50' title='bbox 377 2528 406 2578; x_wconf 85' lang='lat' dir='ltr'><strong>et</strong></span> <span class='ocrx_word' id='word_1_51' title='bbox 431 2524 513 2596; x_wconf 84' lang='lat' dir='ltr'><strong>Snng.</strong></span> <span class='ocrx_word' id='word_1_52' title='bbox 537 2526 582 2579; x_wconf 86' lang='lat' dir='ltr'><strong>Ab</strong></span> <span class='ocrx_word' id='word_1_53' title='bbox 602 2525 662 2594; x_wconf 85' lang='lat' dir='ltr'><strong>ipso</strong></span> <span class='ocrx_word' id='word_1_54' title='bbox 681 2530 775 2580; x_wconf 86' lang='lat' dir='ltr'><strong>autem</strong></span> <span class='ocrx_word' id='word_1_55' title='bbox 794 2525 943 2580; x_wconf 75' lang='lat' dir='ltr'><strong>scholiasta</strong></span> <span class='ocrx_word' id='word_1_56' title='bbox 961 2527 1002 2580; x_wconf 84' lang='lat' dir='ltr'><strong>ite</strong></span> <span class='ocrx_word' id='word_1_57' title='bbox 1021 2525 1079 2580; x_wconf 87' lang='lat' dir='ltr'><strong>fere</strong></span> <span class='ocrx_word' id='word_1_58' title='bbox 1100 2525 1235 2594; x_wconf 85' lang='lat' dir='ltr'><strong>seriptum</strong></span> <span class='ocrx_word' id='word_1_59' title='bbox 1254 2543 1311 2579; x_wconf 87' lang='lat' dir='ltr'><strong>esse</strong></span> <span class='ocrx_word' id='word_1_60' title='bbox 1329 2529 1411 2594; x_wconf 87' lang='lat' dir='ltr'><strong>puto:</strong></span> 
     </span>
     <span class='ocr_line' id='line_1_18' title="bbox 270 2611 1413 2682; baseline 0.001 -17"><span class='ocrx_word' id='word_1_61' title='bbox 270 2613 425 2666; x_wconf 74' lang='lat' dir='ltr'><strong>Porthmia.</strong></span> <span class='ocrx_word' id='word_1_62' title='bbox 446 2611 584 2668; x_wconf 78' lang='lat' dir='ltr'><strong>Carenem.</strong></span> <span class='ocrx_word' id='word_1_63' title='bbox 599 2614 769 2682; x_wconf 73' lang='lat' dir='ltr'><strong>pertimerem</strong></span> <span class='ocrx_word' id='word_1_64' title='bbox 788 2613 854 2668; x_wconf 82' lang='lat' dir='ltr'><strong>dieii</strong></span> <span class='ocrx_word' id='word_1_65' title='bbox 882 2614 913 2668; x_wconf 77' lang='lat' dir='ltr'><strong>ni</strong></span> <span class='ocrx_word' id='word_1_66' title='bbox 932 2619 971 2668; x_wconf 85' lang='lat' dir='ltr'><strong>est</strong></span> <span class='ocrx_word' id='word_1_67' title='bbox 995 2615 1164 2682; x_wconf 74' lang='lat' dir='ltr'><strong>portitorem</strong></span> <span class='ocrx_word' id='word_1_68' title='bbox 1188 2629 1244 2667; x_wconf 87' lang='lat' dir='ltr'><strong>non</strong></span> <span class='ocrx_word' id='word_1_69' title='bbox 1257 2613 1413 2682; x_wconf 74' lang='lat' dir='ltr'><strong>postiemum</strong></span> 
     </span>
     <span class='ocr_line' id='line_1_19' title="bbox 268 2700 1411 2770; baseline 0.001 -17"><span class='ocrx_word' id='word_1_70' title='bbox 268 2700 354 2754; x_wconf 79' lang='lat' dir='ltr'><strong>idest</strong></span> <span class='ocrx_word' id='word_1_71' title='bbox 373 2706 521 2770; x_wconf 76' lang='lat' dir='ltr'><strong>anynstmn</strong></span> <span class='ocrx_word' id='word_1_72' title='bbox 539 2702 692 2756; x_wconf 81' lang='lat' dir='ltr'><strong>traiectum.</strong></span> <span class='ocrx_word' id='word_1_73' title='bbox 712 2701 817 2768; x_wconf 81' lang='lat' dir='ltr'><strong>Quibus</strong></span> <span class='ocrx_word' id='word_1_74' title='bbox 836 2702 928 2756; x_wconf 85' lang='lat' dir='ltr'><strong>verbis</strong></span> <span class='ocrx_word' id='word_1_75' title='bbox 950 2701 1021 2756; x_wconf 80' lang='lat' dir='ltr'><strong>feles</strong></span> <span class='ocrx_word' id='word_1_76' title='bbox 1040 2702 1220 2770; x_wconf 86' lang='lat' dir='ltr'><strong>antiquorum</strong></span> <span class='ocrx_word' id='word_1_77' title='bbox 1238 2701 1411 2769; x_wconf 86' lang='lat' dir='ltr'><strong>quorundam</strong></span> 
     </span>
     <span class='ocr_line' id='line_1_20' title="bbox 270 2788 786 2844; baseline 0.004 -4"><span class='ocrx_word' id='word_1_78' title='bbox 270 2788 406 2843; x_wconf 87' lang='lat' dir='ltr'><strong>librorum</strong></span> <span class='ocrx_word' id='word_1_79' title='bbox 424 2789 507 2844; x_wconf 88' lang='lat' dir='ltr'><strong>lentio</strong></span> <span class='ocrx_word' id='word_1_80' title='bbox 529 2788 647 2844; x_wconf 78' lang='lat' dir='ltr'><strong>refutari</strong></span> <span class='ocrx_word' id='word_1_81' title='bbox 664 2789 786 2844; x_wconf 85' lang='lat' dir='ltr'><strong>videtur.</strong></span> 
     </span>
    </p>

    <p class='ocr_par' dir='ltr' id='par_1_8' title="bbox 265 2876 1413 3736">
     <span class='ocr_line' id='line_1_21' title="bbox 371 2876 1413 2946; baseline 0 -16"><span class='ocrx_word' id='word_1_82' title='bbox 371 2877 443 2930; x_wconf 83' lang='lat' dir='ltr'><strong>¹Ex</strong></span> <span class='ocrx_word' id='word_1_83' title='bbox 462 2880 523 2931; x_wconf 86' lang='lat' dir='ltr'><strong>toto</strong></span> <span class='ocrx_word' id='word_1_84' title='bbox 543 2877 596 2932; x_wconf 88' lang='lat' dir='ltr'><strong>hoo</strong></span> <span class='ocrx_word' id='word_1_85' title='bbox 614 2877 728 2939; x_wconf 79' lang='lat' dir='ltr'><strong>scholio,</strong></span> <span class='ocrx_word' id='word_1_86' title='bbox 752 2876 827 2946; x_wconf 86' lang='lat' dir='ltr'><strong>quod</strong></span> <span class='ocrx_word' id='word_1_87' title='bbox 855 2877 878 2930; x_wconf 90' lang='lat' dir='ltr'><strong>si</strong></span> <span class='ocrx_word' id='word_1_88' title='bbox 906 2876 1057 2932; x_wconf 85' lang='lat' dir='ltr'><strong>invenisset</strong></span> <span class='ocrx_word' id='word_1_89' title='bbox 1076 2878 1105 2930; x_wconf 93' lang='lat' dir='ltr'><strong>in</strong></span> <span class='ocrx_word' id='word_1_90' title='bbox 1123 2877 1195 2931; x_wconf 87' lang='lat' dir='ltr'><strong>libro</strong></span> <span class='ocrx_word' id='word_1_91' title='bbox 1215 2893 1273 2945; x_wconf 83' lang='lat' dir='ltr'><strong>suo,</strong></span> <span class='ocrx_word' id='word_1_92' title='bbox 1302 2876 1413 2930; x_wconf 79' lang='lat' dir='ltr'><strong>Vellem</strong></span> 
     </span>
     <span class='ocr_line' id='line_1_22' title="bbox 270 2964 1413 3032; baseline 0 -14"><span class='ocrx_word' id='word_1_93' title='bbox 270 2969 344 3018; x_wconf 85' lang='lat' dir='ltr'><strong>oerte</strong></span> <span class='ocrx_word' id='word_1_94' title='bbox 364 2965 525 3019; x_wconf 77' lang='lat' dir='ltr'><strong>adlaturum</strong></span> <span class='ocrx_word' id='word_1_95' title='bbox 544 2964 629 3019; x_wconf 84' lang='lat' dir='ltr'><strong>fuisse</strong></span> <span class='ocrx_word' id='word_1_96' title='bbox 648 2982 754 3032; x_wconf 77' lang='lat' dir='ltr'><strong>censeo,</strong></span> <span class='ocrx_word' id='word_1_97' title='bbox 783 2965 855 3018; x_wconf 90' lang='lat' dir='ltr'><strong>nihil</strong></span> <span class='ocrx_word' id='word_1_98' title='bbox 885 2969 976 3020; x_wconf 80' lang='lat' dir='ltr'><strong>exstat</strong></span> <span class='ocrx_word' id='word_1_99' title='bbox 994 2965 1023 3018; x_wconf 88' lang='lat' dir='ltr'><strong>in</strong></span> <span class='ocrx_word' id='word_1_100' title='bbox 1051 2965 1109 3019; x_wconf 89' lang='lat' dir='ltr'><strong>eius</strong></span> <span class='ocrx_word' id='word_1_101' title='bbox 1137 2965 1335 3020; x_wconf 76' lang='lat' dir='ltr'><strong>commentario</strong></span> <span class='ocrx_word' id='word_1_102' title='bbox 1359 2965 1413 3018; x_wconf 90' lang='lat' dir='ltr'><strong>nisi</strong></span> 
     </span>
     <span class='ocr_line' id='line_1_23' title="bbox 268 3052 1411 3123; baseline 0 -17"><span class='ocrx_word' id='word_1_103' title='bbox 268 3052 331 3108; x_wconf 85' lang='lat' dir='ltr'><strong>hoo:</strong></span> <span class='ocrx_word' id='word_1_104' title='bbox 357 3053 490 3122; x_wconf 76' lang='lat' dir='ltr'><strong>Persiaat</strong></span> <span class='ocrx_word' id='word_1_105' title='bbox 508 3069 553 3107; x_wconf 82' lang='lat' dir='ltr'><strong>are</strong></span> <span class='ocrx_word' id='word_1_106' title='bbox 569 3053 700 3108; x_wconf 82' lang='lat' dir='ltr'><strong>trientem.</strong></span> <span class='ocrx_word' id='word_1_107' title='bbox 720 3053 765 3108; x_wconf 77' lang='lat' dir='ltr'><strong>laic</strong></span> <span class='ocrx_word' id='word_1_108' title='bbox 785 3053 861 3108; x_wconf 83' lang='lat' dir='ltr'><strong>nami</strong></span> <span class='ocrx_word' id='word_1_109' title='bbox 875 3053 986 3122; x_wconf 83' lang='lat' dir='ltr'><strong>speeiem</strong></span> <span class='ocrx_word' id='word_1_110' title='bbox 1007 3052 1135 3123; x_wconf 81' lang='lat'><strong>....(?),</strong></span> <span class='ocrx_word' id='word_1_111' title='bbox 1155 3058 1183 3107; x_wconf 87' lang='lat' dir='ltr'><strong>et</strong></span> <span class='ocrx_word' id='word_1_112' title='bbox 1201 3053 1317 3123; x_wconf 84' lang='lat' dir='ltr'><strong>Vergilii</strong></span> <span class='ocrx_word' id='word_1_113' title='bbox 1335 3053 1411 3107; x_wconf 88' lang='lat' dir='ltr'><strong>loeus</strong></span> 
     </span>
     <span class='ocr_line' id='line_1_24' title="bbox 268 3139 1412 3212; baseline 0.002 -19"><span class='ocrx_word' id='word_1_114' title='bbox 268 3143 345 3204; x_wconf 84' lang='lat' dir='ltr'><strong>(Aen.</strong></span> <span class='ocrx_word' id='word_1_115' title='bbox 364 3139 402 3193; x_wconf 87' lang='lat' dir='ltr'><strong>VI</strong></span> <span class='ocrx_word' id='word_1_116' title='bbox 421 3139 484 3208; x_wconf 81' lang='lat'>325)</span> <span class='ocrx_word' id='word_1_117' title='bbox 503 3141 581 3208; x_wconf 86' lang='lat' dir='ltr'><strong>isque</strong></span> <span class='ocrx_word' id='word_1_118' title='bbox 600 3158 656 3195; x_wconf 92' lang='lat' dir='ltr'><strong>non</strong></span> <span class='ocrx_word' id='word_1_119' title='bbox 675 3141 792 3212; x_wconf 85' lang='lat' dir='ltr'><strong>integer,</strong></span> <span class='ocrx_word' id='word_1_120' title='bbox 811 3141 891 3195; x_wconf 89' lang='lat' dir='ltr'><strong>utin</strong></span> <span class='ocrx_word' id='word_1_121' title='bbox 911 3141 990 3196; x_wconf 88' lang='lat' dir='ltr'><strong>eodd.</strong></span> <span class='ocrx_word' id='word_1_122' title='bbox 1010 3140 1097 3194; x_wconf 87' lang='lat' dir='ltr'><strong>Mont.</strong></span> <span class='ocrx_word' id='word_1_123' title='bbox 1117 3145 1145 3194; x_wconf 89' lang='lat' dir='ltr'><strong>et</strong></span> <span class='ocrx_word' id='word_1_124' title='bbox 1164 3139 1257 3210; x_wconf 64' lang='lat' dir='ltr'><strong>Ssng,</strong></span> <span class='ocrx_word' id='word_1_125' title='bbox 1277 3140 1325 3194; x_wconf 88' lang='lat' dir='ltr'><strong>sed</strong></span> <span class='ocrx_word' id='word_1_126' title='bbox 1343 3141 1412 3196; x_wconf 85' lang='lat' dir='ltr'><strong>hsee</strong></span> 
     </span>
     <span class='ocr_line' id='line_1_25' title="bbox 268 3227 1411 3298; baseline 0 -16"><span class='ocrx_word' id='word_1_127' title='bbox 268 3229 326 3282; x_wconf 84' lang='lat' dir='ltr'><strong>sole</strong></span> <span class='ocrx_word' id='word_1_128' title='bbox 345 3229 442 3282; x_wconf 83' lang='lat' dir='ltr'><strong>verba:</strong></span> <span class='ocrx_word' id='word_1_129' title='bbox 467 3227 550 3298; x_wconf 69' lang='lat' dir='ltr'><strong>Virqi.</strong></span> <span class='ocrx_word' id='word_1_130' title='bbox 569 3229 648 3298; x_wconf 81' lang='lat' dir='ltr'><strong>inops</strong></span> <span class='ocrx_word' id='word_1_131' title='bbox 669 3230 863 3298; x_wconf 74' lang='lat' dir='ltr'><strong>inhumataque</strong></span> <span class='ocrx_word' id='word_1_132' title='bbox 881 3231 973 3284; x_wconf 81' lang='lat' dir='ltr'><strong>turba.</strong></span> <span class='ocrx_word' id='word_1_133' title='bbox 993 3229 1088 3283; x_wconf 87' lang='lat' dir='ltr'><strong>Adieit</strong></span> <span class='ocrx_word' id='word_1_134' title='bbox 1105 3245 1173 3283; x_wconf 86' lang='lat' dir='ltr'><strong>vero</strong></span> <span class='ocrx_word' id='word_1_135' title='bbox 1192 3227 1281 3296; x_wconf 83' lang='lat' dir='ltr'><strong>Vella,</strong></span> <span class='ocrx_word' id='word_1_136' title='bbox 1305 3246 1376 3297; x_wconf 82' lang='lat' dir='ltr'><strong>quse</strong></span> <span class='ocrx_word' id='word_1_137' title='bbox 1394 3247 1411 3282; x_wconf 84' lang='lat' dir='ltr'><strong>s</strong></span> 
     </span>
     <span class='ocr_line' id='line_1_26' title="bbox 269 3315 1411 3386; baseline 0.001 -17"><span class='ocrx_word' id='word_1_138' title='bbox 269 3317 328 3370; x_wconf 86' lang='lat' dir='ltr'><strong>loeo</strong></span> <span class='ocrx_word' id='word_1_139' title='bbox 348 3315 528 3372; x_wconf 83' lang='lat' dir='ltr'><strong>Iuvenalisno</strong></span> <span class='ocrx_word' id='word_1_140' title='bbox 548 3317 631 3386; x_wconf 82' lang='lat' dir='ltr'><strong>plsne</strong></span> <span class='ocrx_word' id='word_1_141' title='bbox 651 3317 742 3372; x_wconf 80' lang='lat' dir='ltr'><strong>eliens</strong></span> <span class='ocrx_word' id='word_1_142' title='bbox 765 3318 832 3372; x_wconf 83' lang='lat' dir='ltr'><strong>sint:</strong></span> <span class='ocrx_word' id='word_1_143' title='bbox 860 3317 909 3372; x_wconf 78' lang='lat' dir='ltr'><strong>lsoe</strong></span> <span class='ocrx_word' id='word_1_144' title='bbox 938 3322 1025 3372; x_wconf 86' lang='lat' dir='ltr'><strong>antem</strong></span> <span class='ocrx_word' id='word_1_145' title='bbox 1053 3316 1084 3371; x_wconf 83' lang='lat' dir='ltr'><strong>de</strong></span> <span class='ocrx_word' id='word_1_146' title='bbox 1102 3315 1290 3384; x_wconf 69' lang='lat' dir='ltr'><strong>aristophanis</strong></span> <span class='ocrx_word' id='word_1_147' title='bbox 1315 3316 1411 3382; x_wconf 80' lang='lat' dir='ltr'><strong>fabula</strong></span> 
     </span>
     <span class='ocr_line' id='line_1_27' title="bbox 267 3399 1411 3474; baseline -0.003 -16"><span class='ocrx_word' id='word_1_148' title='bbox 267 3409 405 3474; x_wconf 73' lang='lat' dir='ltr'><strong>sumptam</strong></span> <span class='ocrx_word' id='word_1_149' title='bbox 417 3410 456 3458; x_wconf 83' lang='lat' dir='ltr'><strong>est</strong></span> <span class='ocrx_word' id='word_1_150' title='bbox 470 3405 519 3473; x_wconf 75' lang='lat' dir='ltr'><strong>qni</strong></span> <span class='ocrx_word' id='word_1_151' title='bbox 536 3405 568 3458; x_wconf 83' lang='lat' dir='ltr'><strong>in</strong></span> <span class='ocrx_word' id='word_1_152' title='bbox 586 3405 720 3460; x_wconf 74' lang='lat' dir='ltr'><strong>comoedia</strong></span> <span class='ocrx_word' id='word_1_153' title='bbox 738 3421 819 3474; x_wconf 76' lang='lat' dir='ltr'><strong>qnam</strong></span> <span class='ocrx_word' id='word_1_154' title='bbox 832 3404 957 3459; x_wconf 81' lang='lat' dir='ltr'><strong>inscribit</strong></span> <span class='ocrx_word' id='word_1_155' title='bbox 971 3399 1109 3474; x_wconf 78' lang='grc' dir='ltr'><strong><em>βάτραχοι.</em></strong></span> <span class='ocrx_word' id='word_1_156' title='bbox 1129 3403 1236 3458; x_wconf 77' lang='lat' dir='ltr'><strong>inducit</strong></span> <span class='ocrx_word' id='word_1_157' title='bbox 1245 3403 1411 3474; x_wconf 73' lang='lat' dir='ltr'><strong>Dionysium</strong></span> 
     </span>
     <span class='ocr_line' id='line_1_28' title="bbox 265 3490 1410 3561; baseline 0.002 -17"><span class='ocrx_word' id='word_1_158' title='bbox 265 3491 379 3559; x_wconf 70' lang='lat' dir='ltr'><strong>flamina</strong></span> <span class='ocrx_word' id='word_1_159' title='bbox 408 3491 509 3558; x_wconf 78' lang='lat' dir='ltr'><strong>inferni</strong></span> <span class='ocrx_word' id='word_1_160' title='bbox 536 3492 661 3548; x_wconf 78' lang='lat' dir='ltr'><strong>traiicere</strong></span> <span class='ocrx_word' id='word_1_161' title='bbox 688 3493 816 3548; x_wconf 80' lang='lat' dir='ltr'><strong>nolentem</strong></span> <span class='ocrx_word' id='word_1_162' title='bbox 843 3508 902 3546; x_wconf 83' lang='lat' dir='ltr'><strong>enm</strong></span> <span class='ocrx_word' id='word_1_163' title='bbox 932 3497 1038 3547; x_wconf 82' lang='lat' dir='ltr'><strong>mortno</strong></span> <span class='ocrx_word' id='word_1_164' title='bbox 1064 3491 1096 3546; x_wconf 82' lang='lat' dir='ltr'><strong>cie</strong></span> <span class='ocrx_word' id='word_1_165' title='bbox 1122 3491 1216 3561; x_wconf 78' lang='lat' dir='ltr'><strong>presio</strong></span> <span class='ocrx_word' id='word_1_166' title='bbox 1244 3490 1410 3560; x_wconf 74' lang='lat' dir='ltr'><strong>perimitis</strong></span> 
     </span>
     <span class='ocr_line' id='line_1_29' title="bbox 266 3579 1411 3649; baseline 0 -15"><span class='ocrx_word' id='word_1_167' title='bbox 266 3579 351 3634; x_wconf 82' lang='lat' dir='ltr'><strong>vertis</strong></span> <span class='ocrx_word' id='word_1_168' title='bbox 370 3617 483 3633; x_wconf 91' lang='lat'><strong><em>.....</em></strong></span> <span class='ocrx_word' id='word_1_169' title='bbox 505 3579 585 3643; x_wconf 84' lang='lat' dir='ltr'><strong>(Ren.</strong></span> <span class='ocrx_word' id='word_1_170' title='bbox 608 3582 658 3633; x_wconf 85' lang='grc'><strong>177</strong></span> <span class='ocrx_word' id='word_1_171' title='bbox 676 3580 758 3649; x_wconf 88' lang='lat' dir='ltr'><strong>sqq.).</strong></span> <span class='ocrx_word' id='word_1_172' title='bbox 790 3581 870 3636; x_wconf 87' lang='lat' dir='ltr'><strong>Unde</strong></span> <span class='ocrx_word' id='word_1_173' title='bbox 898 3579 1019 3636; x_wconf 86' lang='lat' dir='ltr'><strong>eonieiss</strong></span> <span class='ocrx_word' id='word_1_174' title='bbox 1044 3579 1143 3634; x_wconf 88' lang='lat' dir='ltr'><strong>seholii</strong></span> <span class='ocrx_word' id='word_1_175' title='bbox 1163 3579 1310 3634; x_wconf 81' lang='lat' dir='ltr'><strong>Pithoeani</strong></span> <span class='ocrx_word' id='word_1_176' title='bbox 1328 3584 1411 3634; x_wconf 85' lang='lat' dir='ltr'><strong>tenue</strong></span> 
     </span>
     <span class='ocr_line' id='line_1_30' title="bbox 267 3668 1047 3736; baseline 0 -16"><span class='ocrx_word' id='word_1_177' title='bbox 267 3670 377 3720; x_wconf 77' lang='lat' dir='ltr'><strong>tanturn</strong></span> <span class='ocrx_word' id='word_1_178' title='bbox 396 3671 557 3736; x_wconf 86' lang='lat' dir='ltr'><strong>exeerptum</strong></span> <span class='ocrx_word' id='word_1_179' title='bbox 575 3668 605 3722; x_wconf 88' lang='lat' dir='ltr'><strong>in</strong></span> <span class='ocrx_word' id='word_1_180' title='bbox 624 3668 696 3722; x_wconf 91' lang='lat' dir='ltr'><strong>libro</strong></span> <span class='ocrx_word' id='word_1_181' title='bbox 717 3668 814 3723; x_wconf 76' lang='lat' dir='ltr'><strong>Valles</strong></span> <span class='ocrx_word' id='word_1_182' title='bbox 832 3669 936 3723; x_wconf 87' lang='lat' dir='ltr'><strong>lentum</strong></span> <span class='ocrx_word' id='word_1_183' title='bbox 954 3668 1047 3722; x_wconf 87' lang='lat' dir='ltr'><strong>fuisse.</strong></span> 
     </span>
    </p>

    <p class='ocr_par' dir='ltr' id='par_1_9' title="bbox 266 3752 1411 3898">
     <span class='ocr_line' id='line_1_31' title="bbox 367 3752 1411 3825; baseline 0.001 -17"><span class='ocrx_word' id='word_1_184' title='bbox 367 3752 489 3809; x_wconf 76' lang='lat' dir='ltr'><strong>²Vslls:</strong></span> <span class='ocrx_word' id='word_1_185' title='bbox 518 3753 597 3824; x_wconf 73' lang='lat' dir='ltr'><strong>Quod</strong></span> <span class='ocrx_word' id='word_1_186' title='bbox 618 3755 740 3825; x_wconf 77' lang='lat' dir='ltr'><strong>spatium</strong></span> <span class='ocrx_word' id='word_1_187' title='bbox 758 3755 834 3811; x_wconf 81' lang='lat' dir='ltr'><strong>tertis</strong></span> <span class='ocrx_word' id='word_1_188' title='bbox 859 3756 1025 3812; x_wconf 74' lang='lat' dir='ltr'><strong>sablimitas.</strong></span> <span class='ocrx_word' id='word_1_189' title='bbox 1045 3754 1074 3808; x_wconf 78' lang='lat' dir='ltr'><strong>ici</strong></span> <span class='ocrx_word' id='word_1_190' title='bbox 1093 3759 1131 3810; x_wconf 88' lang='lat' dir='ltr'><strong>est</strong></span> <span class='ocrx_word' id='word_1_191' title='bbox 1151 3760 1283 3824; x_wconf 76' lang='lat' dir='ltr'><strong>qnantum</strong></span> <span class='ocrx_word' id='word_1_192' title='bbox 1300 3759 1411 3809; x_wconf 80' lang='lat' dir='ltr'><strong>cunetae</strong></span> 
     </span>
     <span class='ocr_line' id='line_1_32' title="bbox 266 3841 617 3898; baseline 0.006 -2"><span class='ocrx_word' id='word_1_193' title='bbox 266 3847 330 3896; x_wconf 86' lang='lat' dir='ltr'><strong>sant</strong></span> <span class='ocrx_word' id='word_1_194' title='bbox 347 3841 454 3898; x_wconf 81' lang='lat' dir='ltr'><strong>insulae</strong></span> <span class='ocrx_word' id='word_1_195' title='bbox 474 3881 617 3898; x_wconf 86' lang='lat'><strong>......</strong></span> 
     </span>
    </p>

    <p class='ocr_par' dir='ltr' id='par_1_10' title="bbox 264 3927 1412 4161">
     <span class='ocr_line' id='line_1_33' title="bbox 367 3927 1412 3998; baseline 0.003 -15"><span class='ocrx_word' id='word_1_196' title='bbox 367 3930 378 3962; x_wconf 78' lang='lat'>³</span> <span class='ocrx_word' id='word_1_197' title='bbox 399 3929 491 3984; x_wconf 79' lang='lat' dir='ltr'><strong>Velle:</strong></span> <span class='ocrx_word' id='word_1_198' title='bbox 528 3930 650 3986; x_wconf 87' lang='lat' dir='ltr'><strong>Rimosa.</strong></span> <span class='ocrx_word' id='word_1_199' title='bbox 675 3930 773 3998; x_wconf 76' lang='lat' dir='ltr'><strong>sraela.</strong></span> <span class='ocrx_word' id='word_1_200' title='bbox 799 3929 891 3986; x_wconf 82' lang='lat' dir='ltr'><strong>Onrta.</strong></span> <span class='ocrx_word' id='word_1_201' title='bbox 909 3931 1050 3986; x_wconf 81' lang='lat' dir='ltr'><strong>matillata</strong></span> <span class='ocrx_word' id='word_1_202' title='bbox 1067 3935 1176 3984; x_wconf 80' lang='lat' dir='ltr'><strong>certata</strong></span> <span class='ocrx_word' id='word_1_203' title='bbox 1192 3929 1251 3985; x_wconf 84' lang='lat' dir='ltr'><strong>sine</strong></span> <span class='ocrx_word' id='word_1_204' title='bbox 1266 3927 1355 3995; x_wconf 79' lang='lat' dir='ltr'><strong>fando</strong></span> <span class='ocrx_word' id='word_1_205' title='bbox 1372 3931 1412 3986; x_wconf 84' lang='lat' dir='ltr'><strong>oei</strong></span> 
     </span>
     <span class='ocr_line' id='line_1_34' title="bbox 266 4015 1409 4088; baseline 0.003 -18"><span class='ocrx_word' id='word_1_206' title='bbox 266 4015 325 4070; x_wconf 84' lang='lat' dir='ltr'><strong>sine</strong></span> <span class='ocrx_word' id='word_1_207' title='bbox 342 4032 420 4070; x_wconf 86' lang='lat' dir='ltr'><strong>ansa.</strong></span> <span class='ocrx_word' id='word_1_208' title='bbox 441 4017 480 4070; x_wconf 82' lang='lat' dir='ltr'><strong>Cf.</strong></span> <span class='ocrx_word' id='word_1_209' title='bbox 500 4018 606 4088; x_wconf 79' lang='lat' dir='ltr'><strong>glossas</strong></span> <span class='ocrx_word' id='word_1_210' title='bbox 624 4019 816 4073; x_wconf 79' lang='lat' dir='ltr'><strong>interlineares</strong></span> <span class='ocrx_word' id='word_1_211' title='bbox 835 4019 895 4072; x_wconf 88' lang='lat' dir='ltr'><strong>eod.</strong></span> <span class='ocrx_word' id='word_1_212' title='bbox 914 4019 991 4072; x_wconf 86' lang='lat' dir='ltr'><strong>Voss.</strong></span> <span class='ocrx_word' id='word_1_213' title='bbox 1011 4035 1052 4071; x_wconf 89' lang='lat' dir='ltr'><strong>nr.</strong></span> <span class='ocrx_word' id='word_1_214' title='bbox 1067 4019 1110 4071; x_wconf 79' lang='lat'><strong>18:</strong></span> <span class='ocrx_word' id='word_1_215' title='bbox 1128 4018 1245 4072; x_wconf 83' lang='lat' dir='ltr'><strong>rimosa:</strong></span> <span class='ocrx_word' id='word_1_216' title='bbox 1263 4018 1364 4085; x_wconf 75' lang='lat' dir='ltr'><strong>fracta.</strong></span> <span class='ocrx_word' id='word_1_217' title='bbox 1375 4047 1409 4058; x_wconf 88' lang='lat'><em>-</em></span> 
     </span>
     <span class='ocr_line' id='line_1_35' title="bbox 264 4104 763 4161; baseline 0.004 -3"><span class='ocrx_word' id='word_1_218' title='bbox 264 4109 357 4158; x_wconf 81' lang='lat' dir='ltr'><strong>enrta:</strong></span> <span class='ocrx_word' id='word_1_219' title='bbox 377 4104 503 4159; x_wconf 72' lang='lat' dir='ltr'><strong>uentilata</strong></span> <span class='ocrx_word' id='word_1_220' title='bbox 520 4106 610 4160; x_wconf 83' lang='lat' dir='ltr'><strong>minus</strong></span> <span class='ocrx_word' id='word_1_221' title='bbox 629 4105 763 4161; x_wconf 76' lang='lat' dir='ltr'><strong>habentia.</strong></span> 
     </span>
    </p>

    <p class='ocr_par' dir='ltr' id='par_1_11' title="bbox 266 4191 1410 4336">
     <span class='ocr_line' id='line_1_36' title="bbox 369 4191 1410 4263; baseline 0.002 -17"><span class='ocrx_word' id='word_1_222' title='bbox 369 4195 379 4226; x_wconf 83' lang='lat'>⁴</span> <span class='ocrx_word' id='word_1_223' title='bbox 398 4191 490 4246; x_wconf 82' lang='lat' dir='ltr'><strong>Valla:</strong></span> <span class='ocrx_word' id='word_1_224' title='bbox 510 4192 671 4260; x_wconf 76' lang='lat' dir='ltr'><strong>Diffundere</strong></span> <span class='ocrx_word' id='word_1_225' title='bbox 687 4195 782 4262; x_wconf 73' lang='lat' dir='ltr'><strong>penses.</strong></span> <span class='ocrx_word' id='word_1_226' title='bbox 802 4209 871 4248; x_wconf 86' lang='lat' dir='ltr'><strong>nasa</strong></span> <span class='ocrx_word' id='word_1_227' title='bbox 882 4191 986 4260; x_wconf 69' lang='lat' dir='ltr'><strong>fictilia.</strong></span> <span class='ocrx_word' id='word_1_228' title='bbox 996 4193 1084 4261; x_wconf 77' lang='lat' dir='ltr'><strong>pelves</strong></span> <span class='ocrx_word' id='word_1_229' title='bbox 1101 4197 1189 4248; x_wconf 86' lang='lat' dir='ltr'><strong>tamen</strong></span> <span class='ocrx_word' id='word_1_230' title='bbox 1205 4199 1270 4248; x_wconf 83' lang='lat' dir='ltr'><strong>sunt</strong></span> <span class='ocrx_word' id='word_1_231' title='bbox 1278 4193 1324 4248; x_wconf 81' lang='lat' dir='ltr'><strong>nbi</strong></span> <span class='ocrx_word' id='word_1_232' title='bbox 1330 4193 1410 4263; x_wconf 75' lang='lat' dir='ltr'><strong>pedes</strong></span> 
     </span>
     <span class='ocr_line' id='line_1_37' title="bbox 266 4280 718 4336; baseline 0 -2"><span class='ocrx_word' id='word_1_233' title='bbox 266 4280 359 4334; x_wconf 84' lang='lat' dir='ltr'><strong>lavare</strong></span> <span class='ocrx_word' id='word_1_234' title='bbox 376 4280 559 4335; x_wconf 80' lang='lat' dir='ltr'><strong>consuevimus</strong></span> <span class='ocrx_word' id='word_1_235' title='bbox 579 4319 718 4336; x_wconf 91' lang='lat'><strong>......</strong></span> 
     </span>
    </p>

    <p class='ocr_par' dir='ltr' id='par_1_12' title="bbox 268 4367 1411 4528">
     <span class='ocr_line' id='line_1_38' title="bbox 367 4367 1411 4439; baseline -0.001 -16"><span class='ocrx_word' id='word_1_236' title='bbox 367 4369 378 4399; x_wconf 81' lang='lat'>⁵</span> <span class='ocrx_word' id='word_1_237' title='bbox 396 4367 491 4423; x_wconf 81' lang='lat' dir='ltr'><strong>Valle:</strong></span> <span class='ocrx_word' id='word_1_238' title='bbox 511 4367 591 4426; x_wconf 84' lang='lat' dir='ltr'><strong>Gaset</strong></span> <span class='ocrx_word' id='word_1_239' title='bbox 602 4369 732 4425; x_wconf 76' lang='lat' dir='ltr'><strong>-laena</strong></span> <span class='ocrx_word' id='word_1_240' title='bbox 750 4368 780 4424; x_wconf 85' lang='lat' dir='ltr'><strong>iel</strong></span> <span class='ocrx_word' id='word_1_241' title='bbox 792 4374 830 4424; x_wconf 85' lang='lat' dir='ltr'><strong>est</strong></span> <span class='ocrx_word' id='word_1_242' title='bbox 840 4383 994 4438; x_wconf 74' lang='lat' dir='ltr'><strong>purpurea:</strong></span> <span class='ocrx_word' id='word_1_243' title='bbox 1007 4367 1045 4423; x_wconf 85' lang='lat' dir='ltr'><strong>sie</strong></span> <span class='ocrx_word' id='word_1_244' title='bbox 1061 4369 1147 4439; x_wconf 73' lang='lat' dir='ltr'><strong>Vieqi.</strong></span> <span class='ocrx_word' id='word_1_245' title='bbox 1162 4368 1286 4439; x_wconf 71' lang='lat' dir='ltr'><strong>tyrioque</strong></span> <span class='ocrx_word' id='word_1_246' title='bbox 1298 4367 1411 4424; x_wconf 83' lang='lat' dir='ltr'><strong>ardebat</strong></span> 
     </span>
     <span class='ocr_line' id='line_1_39' title="bbox 268 4455 1380 4528; baseline 0 -19"><span class='ocrx_word' id='word_1_247' title='bbox 268 4455 366 4511; x_wconf 82' lang='lat' dir='ltr'><strong>muriae</strong></span> <span class='ocrx_word' id='word_1_248' title='bbox 384 4457 471 4511; x_wconf 86' lang='lat' dir='ltr'><strong>laena.</strong></span> <span class='ocrx_word' id='word_1_249' title='bbox 491 4457 561 4526; x_wconf 74' lang='lat' dir='ltr'><strong>qnod</strong></span> <span class='ocrx_word' id='word_1_250' title='bbox 581 4457 674 4528; x_wconf 70' lang='lat' dir='ltr'><strong>areeri</strong></span> <span class='ocrx_word' id='word_1_251' title='bbox 692 4473 797 4512; x_wconf 84' lang='lat' dir='ltr'><strong>noceam</strong></span> <span class='ocrx_word' id='word_1_252' title='bbox 815 4457 900 4512; x_wconf 83' lang='lat' dir='ltr'><strong>latini</strong></span> <span class='ocrx_word' id='word_1_253' title='bbox 918 4462 986 4512; x_wconf 84' lang='lat' dir='ltr'><strong>teres</strong></span> <span class='ocrx_word' id='word_1_254' title='bbox 1011 4458 1201 4528; x_wconf 66' lang='lat' dir='ltr'><strong>(logostein)</strong></span> <span class='ocrx_word' id='word_1_255' title='bbox 1227 4457 1322 4528; x_wconf 75' lang='lat' dir='ltr'><strong>tyram</strong></span> <span class='ocrx_word' id='word_1_256' title='bbox 1344 4457 1380 4526; x_wconf 68' lang='lat' dir='ltr'><strong>(lr</strong></span> 
     </span>
    </p>
   </div>
   <div class='ocr_carea' id='block_1_8' title="bbox 0 0 1638 4914">
    <p class='ocr_par' dir='ltr' id='par_1_13' title="bbox 0 0 1638 4914">
     <span class='ocr_line' id='line_1_40' title="bbox 0 0 1638 4914; baseline 0 2"><span class='ocrx_word' id='word_1_257' title='bbox 0 0 1638 4914; x_wconf 95' lang='lat' dir='ltr'><strong> </strong></span> 
     </span>
    </p>
   </div>
  </div>
 </body>
</html>
