3250 4914
795 328 829 380 12

240 505 313 564 licet.
351 505 411 564 Sal
433 504 550 563 obtenta
571 503 723 578 religionis
744 503 859 577 aliquid
874 503 950 576 petil
968 497 973 574 Ι
992 503 1070 562 dicit
1090 520 1161 562 mm
1182 503 1320 576 superins
1341 502 1389 561 ia·

240 605 323 664 dacis
344 604 442 664 bortos
463 604 549 663 datos
568 619 640 678 qaas
658 599 662 673 Ι
681 604 805 663 colentes
826 603 999 676 prestabant
1017 605 1175 677 pensiones
1191 605 1275 663 niodo
1289 603 1389 676 inqu-it

240 698 383 783 lotborem
413 705 490 764 barti
523 704 702 762 declinantes
734 701 920 773 transferant
949 720 980 762 se
1010 706 1050 763 ad
1084 705 1152 763 deos
1170 697 1176 777 Ι
1195 703 1270 762 laert
1295 720 1388 762 corrsa

240 805 330 880 tepora
349 808 457 878 mopsci
479 807 659 877 exponentes.
682 830 722 842 -
745 800 852 861 Statim
876 803 1011 880 sequitur
1032 803 1114 862 aliud
1129 803 1273 863 scholium
1287 823 1331 880 pr.
1345 823 1386 861 m.

239 925 297 963 ana
325 906 404 964 linea
435 905 576 982 scriptum
607 904 638 960 in
665 903 800 978 margine
825 903 966 961 inferiore
989 902 1047 974 (VI
1069 904 1130 962 542
1154 904 1230 962 enim
1261 903 1387 962 ultimus

239 1005 327 1064 huius
348 1007 474 1083 paginae
496 1023 602 1066 verene
625 996 696 1079 est):
722 1001 793 1064 Onia
814 1003 936 1063 dediti.
958 1003 977 1060 l.
993 1020 1016 1061 c.
1034 1021 1065 1076 p.
1100 1005 1173 1063 Ideo
1192 1004 1269 1063 dlalt
1288 1003 1388 1074 foena-

239 1124 292 1180 qae
323 1107 472 1180 suppellex
503 1107 580 1179 qnod
610 1104 657 1162 bis
684 1105 886 1176 palarentaria
916 1121 971 1162 sna
1003 1107 1029 1162 et
1058 1104 1184 1164 calidam
1209 1120 1317 1176 aaran
1339 1104 1389 1162 die

238 1208 350 1267 sabbati
371 1224 489 1266 servare
509 1208 695 1265 consuerant.
722 1233 756 1243 -
782 1203 915 1261 Tertium
938 1203 1093 1278 scholiam,
1125 1203 1204 1281 quod
1231 1208 1261 1261 et
1289 1204 1388 1278 ipsam

238 1327 283 1385 pr.
299 1327 337 1364 m.
353 1307 390 1365 ad
409 1326 495 1364 annm
517 1325 638 1366 versum
661 1300 749 1381 (542)
772 1309 819 1363 eat
840 1303 1031 1382 adscriptum,
1056 1304 1160 1362 sedin
1182 1304 1288 1362 dextro
1311 1323 1387 1362 mar-

239 1407 318 1484 gine,
340 1407 396 1466 hoc
412 1412 473 1466 est:
497 1406 570 1467 ann
584 1407 672 1466 dedit.
718 1404 789 1466 Cam
808 1407 907 1480 pallas
928 1408 1063 1466 sacerdos
1084 1423 1118 1465 ac
1137 1397 1141 1482 Ι
1161 1407 1303 1465 lustrator
1324 1406 1388 1464 abs-

239 1509 357 1567 cesserit
381 1509 469 1568 iodea
493 1507 573 1567 benit
590 1507 594 1578 Ι
613 1507 718 1566 rnnlier
740 1523 815 1580 qaae
836 1507 869 1564 ia
891 1524 993 1566 aaran
1008 1507 1193 1566 snsarrando
1211 1501 1216 1582 Ι
1234 1509 1387 1568 mendicat.

242 1639 276 1648 -
302 1608 395 1667 Plane
418 1607 520 1666 eadem
544 1607 637 1666 verba
660 1605 763 1666 eodem
785 1606 897 1682 ordine,
922 1607 973 1666 sed
996 1625 1053 1666 nno
1076 1612 1179 1666 tenore
1204 1608 1316 1684 scripta
1338 1627 1387 1666 ex·

239 1713 319 1767 stant
343 1709 374 1765 in
403 1706 503 1766 codiee
526 1706 730 1784 Sangallensi3
764 1707 882 1766 litterae
911 1726 1022 1784 paucae
1044 1712 1095 1766 aut
1117 1707 1224 1766 desunt
1246 1712 1297 1766 aut
1319 1713 1389 1767 sunt

238 1808 371 1881 additae;
393 1813 427 1866 ut
448 1827 502 1885 pro
525 1807 639 1868 iadacis
662 1809 806 1885 scriptum
831 1814 876 1867 est
896 1809 1000 1882 indere,
1026 1827 1079 1885 pro
1102 1808 1310 1882 tramoserica,
1333 1828 1387 1884 pro

236 1909 411 1982 prestabant
423 1909 624 1982 praestabant.
651 1939 687 1948 -
711 1908 827 1967 Deinde
846 1908 990 1968 scholium
1007 1907 1043 1966 ad
1070 1907 1150 1968 VIII
1163 1910 1233 1981 229,
1256 1909 1335 1986 quod
1357 1911 1387 1967 in

241 2008 305 2068 aod.
322 2007 411 2084 Sang.
427 2008 483 2068 hoa
505 2013 565 2068 ert:
588 2007 705 2082 Sprraa.
728 2010 815 2068 oestis
836 2011 964 2084 tropice,
988 2010 1018 2067 in
1030 2009 1123 2068 Mont.
1147 2008 1251 2067 deesse
1263 2009 1388 2069 Iahnius

242 2109 343 2168 refert.
387 2108 430 2166 At
462 2108 573 2168 eisdem
607 2109 718 2168 litteris
752 2128 805 2168 suo
834 2109 899 2168 loco
928 2109 959 2167 in
981 2110 1115 2185 margine
1137 2110 1258 2168 sinistro
1280 2129 1325 2186 pr.
1348 2131 1387 2168 m.

243 2210 385 2286 scriptum
409 2215 516 2270 exstat.
540 2241 578 2250 -
602 2208 651 2268 Ad
677 2208 770 2269 schol.
786 2208 823 2268 ad
838 2209 918 2269 VIII
930 2210 991 2268 253
1003 2209 1125 2268 Iahnius
1148 2211 1178 2268 in
1201 2210 1300 2269 adnot.
1323 2211 1387 2269 orit.

240 2309 314 2368 haec
341 2308 445 2368 habet:
464 2302 608 2369 ‘secundo
632 2340 670 2350 -
696 2309 893 2388 triumpharet
914 2309 943 2371 S.
967 2329 1019 2371 orn.
1041 2312 1075 2369 P.
1099 2311 1191 2370 edidit
1210 2305 1254 2384 p.'
1278 2311 1388 2370 Tamen

241 2410 330 2488 paulo
353 2410 477 2469 inferius
500 2430 537 2470 ex
561 2411 624 2471 aad.
648 2410 673 2468 P
696 2410 846 2471 diVeream
867 2411 955 2470 huius
978 2412 1072 2489 ipsius
1096 2410 1202 2470 scholii
1231 2411 1388 2471 lectionem

242 2517 356 2570 enatat:
388 2499 572 2572 ‘NOBILIS
596 2510 680 2571 ORN
694 2505 951 2589 .s(Sohopanus).
983 2512 1134 2571 nobilitati
1168 2505 1240 2571 Pa)
1299 2511 1387 2570 Unda

243 2613 371 2674 conicias
395 2612 541 2672 scholium
563 2632 621 2672 non
642 2613 747 2671 abesse
767 2612 832 2686 aP;
856 2612 934 2690 quod
956 2632 988 2672 re
1011 2631 1084 2672 vera
1106 2614 1148 2671 ita
1163 2613 1387 2672 eseeBonnetus

240 2712 314 2772 mihi
334 2713 465 2787 rettulit;
488 2713 600 2790 legitur
619 2714 649 2771 in
672 2714 792 2772 sinistro
815 2715 962 2789 margine3
984 2733 1029 2790 pr.
1052 2733 1090 2771 m.
1117 2714 1255 2772 lemmate
1278 2714 1386 2772 omisso

238 2815 280 2872 ita
303 2815 447 2890 scriptum
470 2819 524 2889 ast,
547 2820 580 2872 ut
603 2819 735 2872 extrema
755 2833 824 2890 pars
848 2812 941 2872 schol.
965 2813 1002 2872 ad
1025 2813 1104 2873 VIII
1117 2814 1171 2872 '251
1200 2833 1264 2872 esee
1287 2813 1386 2872 videa·

238 2920 294 2974 tur.
327 2944 364 2953 -
398 2913 497 2973 schol.
521 2915 558 2972 ad
582 2915 611 2972 X
635 2915 674 2973 95
705 2910 864 2988 (Eprcaios
885 2914 1002 2987 equites.
1024 2914 1117 2972 Inata
1139 2929 1272 2988 appcren
1287 2915 1387 2986 posait

236 3016 352 3087 parans
377 3017 476 3074 castra
497 3013 631 3073 Seianas.
659 3015 692 3073 id
718 3017 877 3085 estsuper
904 3014 1097 3074 dioclecianos
1123 3031 1197 3087 qaae
1219 3015 1388 3074 dictasunt

236 3118 336 3174 castm
351 3117 516 3188 praetoria.
541 3105 595 3194 [ria
618 3104 735 3194 Sang.])
759 3112 882 3172 Iahnius
910 3119 940 3172 et
968 3115 1067 3190 ipsum
1098 3116 1240 3174 omissum
1269 3134 1333 3174 esse
1356 3115 1386 3172 in

239 3215 337 3275 cod.P
360 3215 505 3274 adfirmat.
551 3214 609 3275 Sed
633 3216 765 3292 repperit
775 3215 928 3274 Bonnetua
951 3217 981 3273 in
996 3216 1130 3292 margine
1145 3216 1266 3291 dextro;
1287 3236 1332 3294 pr.
1347 3236 1387 3274 m.

240 3355 383 3444 scriptum
406 3373 452 3426 est
475 3367 585 3426 eisdem
612 3367 731 3441 litteris,
764 3367 822 3424 nisi
848 3365 925 3442 quod
949 3367 991 3425 ibi
1012 3367 1124 3443 legitur
1146 3323 1337 3428 diocletiaards
1359 3374 1388 3427 et

233 3470 335 3541 posnit
361 3473 429 3544 post
453 3470 571 3541 primas
594 3468 771 3526 collocatum
794 3472 848 3525 eet.
903 3465 989 3533 Quod
1011 3488 1082 3528 vero
1105 3469 1188 3527 addit
1210 3469 1333 3527 lahnius
1356 3470 1387 3527 in

238 3567 337 3626 adnot.
354 3569 435 3626 crite
449 3560 516 3627 ‘sed
530 3569 570 3626 ad
585 3571 625 3628 93
635 3573 704 3641 post
719 3563 908 3627 ‘Suetonius’
932 3569 1047 3628 addant
1057 3569 1130 3628 Pa:
1153 3569 1204 3626 ET
1227 3567 1387 3629 CASTRA

238 3666 485 3727 DOMESTICA.
508 3669 593 3726 iuxta
616 3687 757 3744 aggerem
779 3669 892 3746 primus
916 3671 1128 3746 contraposuit
1143 3675 1194 3728 aut
1210 3675 1289 3728 certe
1304 3689 1387 3746 prae·

238 3763 349 3843 toria’,
376 3775 457 3827 recte
481 3769 633 3842 sehabet,
660 3770 686 3827 si
707 3788 724 3826 a
749 3769 883 3826 minutiis
906 3769 1083 3846 quibusdam
1106 3769 1258 3843 discedam
1291 3789 1387 3846 neque

240 3869 317 3927 enim
340 3868 497 3928 Suetonius
519 3869 550 3926 in
572 3869 723 3928 codicibus
747 3869 866 3945 legitur,
892 3869 944 3927 sed
965 3871 1116 3929 scalonias
1139 3875 1194 3928 eta.

339 3969 442 4028 Liceat
463 3968 536 4026 mihi
558 3969 614 4028 hoc
630 3969 695 4029 loeo
711 3968 820 4028 addere
836 3967 989 4046 quaedam,
1012 3969 1119 4046 quibus
1136 3969 1258 4028 eandem
1273 3969 1389 4028 Bertini

239 4069 427 4129 collationem
456 4070 545 4147 paulo
578 4071 786 4146 neglegentius
819 4070 981 4129 confectam
1008 4088 1073 4127 esse
1096 4071 1294 4130 confirmatur.
1339 4070 1388 4128 Ad

238 4171 288 4229 III
313 4171 372 4230 130
404 4172 435 4229 in
469 4171 597 4230 aditibne
631 4171 777 4230 Iahniana
806 4170 861 4230 hoc
894 4176 994 4230 exstat
1027 4171 1188 4230 scholium:
1212 4172 1273 4230 Nec
1301 4173 1390 4244 prior

238 4273 345 4348 collega
367 4273 485 4332 salntet.
507 4275 558 4346 qai
580 4290 626 4332 cas
647 4276 827 4333 contemnens
849 4272 980 4343 festinat.
1022 4271 1109 4338 Quod
1129 4271 1388 4349 nequeBonnetns

239 4373 268 4431 in
292 4373 353 4431 aad.
377 4373 471 4431 Mani.
495 4374 636 4449 repperit,
672 4391 769 4450 neque
797 4391 852 4446 ego
879 4373 910 4430 in
933 4373 995 4430 cod.
1021 4371 1110 4448 Sang.
1134 4372 1288 4447 Originem
1314 4391 1386 4432 vero

240 4473 368 4530 traxisse
389 4472 510 4532 videtur
533 4491 569 4529 ex
593 4491 627 4530 eo
649 4470 774 4546 scholio,
800 4470 879 4547 quod
900 4471 931 4529 in
955 4471 1257 4530 editionePithoeana
1278 4470 1389 4546 legitur

264 4572 277 4629 Ι
300 4591 330 4633 v.
345 4573 418 4632 129:
442 4572 565 4630 Dndnrn
587 4573 667 4646 aigil.
691 4571 794 4642 orbis]
825 4571 954 4638 Utisibi
969 4571 1094 4629 Praetor
1116 4575 1241 4630 tntorcrn
1262 4571 1317 4637 det,
1340 4571 1391 4644 qni
