<?xml version="1.0" encoding="UTF-8"?>
<!DOCTYPE html PUBLIC "-//W3C//DTD XHTML 1.0 Transitional//EN"
    "http://www.w3.org/TR/xhtml1/DTD/xhtml1-transitional.dtd">
<html xmlns="http://www.w3.org/1999/xhtml" xml:lang="en" lang="en">
 <head>
  <title>
</title>
<meta http-equiv="Content-Type" content="text/html;charset=utf-8" />
  <meta name='ocr-system' content='tesseract 3.04.00' />
  <meta name='ocr-capabilities' content='ocr_page ocr_carea ocr_par ocr_line ocrx_word'/>
</head>
<body>
  <div class='ocr_page' id='page_1' title='image "./depithoeanisini01stepgoog_0067.png"; bbox 0 0 3266 4914; ppageno 0'>
   <div class='ocr_carea' id='block_1_1' title="bbox 297 489 438 648">
    <p class='ocr_par' dir='ltr' id='par_1_1' title="bbox 297 489 438 648">
     <span class='ocr_line' id='line_1_1' title="bbox 297 489 429 567; baseline -0.015 -19"><span class='ocrx_word' id='word_1_1' title='bbox 297 491 316 548; x_wconf 89' lang='grc'><strong>3</strong></span> <span class='ocrx_word' id='word_1_2' title='bbox 346 489 429 567; x_wconf 78' lang='lat' dir='ltr'><strong>prius</strong></span> 
     </span>
     <span class='ocr_line' id='line_1_2' title="bbox 345 588 438 648; baseline 0 -2"><span class='ocrx_word' id='word_1_3' title='bbox 345 588 438 648; x_wconf 83' lang='lat' dir='ltr'><strong>schol.</strong></span> 
     </span>
    </p>
   </div>
   <div class='ocr_carea' id='block_1_2' title="bbox 491 1277 914 1740">
    <p class='ocr_par' dir='ltr' id='par_1_2' title="bbox 491 1277 914 1740">
     <span class='ocr_line' id='line_1_3' title="bbox 530 1277 898 1356; baseline 0.003 -18"><span class='ocrx_word' id='word_1_4' title='bbox 530 1277 688 1356; x_wconf 84' lang='lat' dir='ltr'><strong>schol.(?)⁴</strong></span> <span class='ocrx_word' id='word_1_5' title='bbox 759 1285 778 1341; x_wconf 89' lang='lat'>8</span> <span class='ocrx_word' id='word_1_6' title='bbox 813 1283 898 1340; x_wconf 81' lang='lat' dir='ltr'><strong><em>alter.</em></strong></span> 
     </span>
     <span class='ocr_line' id='line_1_4' title="bbox 799 1378 914 1442; baseline -0.009 -2"><span class='ocrx_word' id='word_1_7' title='bbox 799 1378 914 1442; x_wconf 81' lang='lat' dir='ltr'><strong>schol.⁴</strong></span> 
     </span>
     <span class='ocr_line' id='line_1_5' title="bbox 740 1479 800 1541; baseline -0.033 0"><span class='ocrx_word' id='word_1_8' title='bbox 740 1479 800 1541; x_wconf 78' lang='lat'><strong><em>12⁶</em></strong></span> 
     </span>
     <span class='ocr_line' id='line_1_6' title="bbox 491 1574 574 1637; baseline 0.012 -26"><span class='ocrx_word' id='word_1_9' title='bbox 491 1574 574 1637; x_wconf 73' lang='lat'><strong>0130</strong></span> 
     </span>
     <span class='ocr_line' id='line_1_7' title="bbox 737 1679 798 1740; baseline 0.033 -2"><span class='ocrx_word' id='word_1_10' title='bbox 737 1679 798 1740; x_wconf 78' lang='lat'><strong><em>14⁸</em></strong></span> 
     </span>
    </p>
   </div>
   <div class='ocr_carea' id='block_1_3' title="bbox 249 2658 1397 3856">
    <p class='ocr_par' dir='ltr' id='par_1_3' title="bbox 253 2658 1397 2905">
     <span class='ocr_line' id='line_1_8' title="bbox 254 2658 1397 2728; baseline 0.001 -16"><span class='ocrx_word' id='word_1_11' title='bbox 254 2677 341 2728; x_wconf 80' lang='lat' dir='ltr'><strong><em>aeque</em></strong></span> <span class='ocrx_word' id='word_1_12' title='bbox 361 2663 445 2726; x_wconf 80' lang='lat' dir='ltr'><strong><em>atque</em></strong></span> <span class='ocrx_word' id='word_1_13' title='bbox 466 2659 495 2713; x_wconf 91' lang='lat' dir='ltr'><strong><em>in</em></strong></span> <span class='ocrx_word' id='word_1_14' title='bbox 514 2659 570 2713; x_wconf 84' lang='lat' dir='ltr'>illis</span> <span class='ocrx_word' id='word_1_15' title='bbox 589 2658 667 2714; x_wconf 83' lang='lat' dir='ltr'>libris</span> <span class='ocrx_word' id='word_1_16' title='bbox 686 2660 725 2713; x_wconf 85' lang='lat' dir='ltr'><strong><em>ita</em></strong></span> <span class='ocrx_word' id='word_1_17' title='bbox 745 2659 966 2728; x_wconf 66' lang='lat' dir='ltr'><strong><em>consumerent,</em></strong></span> <span class='ocrx_word' id='word_1_18' title='bbox 986 2665 1018 2715; x_wconf 87' lang='lat' dir='ltr'><strong><em>ut</em></strong></span> <span class='ocrx_word' id='word_1_19' title='bbox 1027 2661 1107 2715; x_wconf 77' lang='lat' dir='ltr'><strong><em>Valla</em></strong></span> <span class='ocrx_word' id='word_1_20' title='bbox 1125 2661 1164 2714; x_wconf 80' lang='lat' dir='ltr'><strong><em>eis</em></strong></span> <span class='ocrx_word' id='word_1_21' title='bbox 1180 2661 1223 2714; x_wconf 82' lang='lat' dir='ltr'><strong><em>uti</em></strong></span> <span class='ocrx_word' id='word_1_22' title='bbox 1236 2677 1291 2713; x_wconf 85' lang='lat' dir='ltr'><strong><em>non</em></strong></span> <span class='ocrx_word' id='word_1_23' title='bbox 1303 2663 1397 2728; x_wconf 78' lang='lat' dir='ltr'><strong><em>posset</em></strong></span> 
     </span>
     <span class='ocr_line' id='line_1_9' title="bbox 253 2747 1396 2816; baseline 0 -15"><span class='ocrx_word' id='word_1_24' title='bbox 253 2748 296 2801; x_wconf 84' lang='lat' dir='ltr'><strong><em>vel</em></strong></span> <span class='ocrx_word' id='word_1_25' title='bbox 315 2747 410 2815; x_wconf 83' lang='lat' dir='ltr'><strong><em>nollet,</em></strong></span> <span class='ocrx_word' id='word_1_26' title='bbox 439 2752 488 2802; x_wconf 82' lang='lat' dir='ltr'><strong><em>aut</em></strong></span> <span class='ocrx_word' id='word_1_27' title='bbox 508 2748 537 2802; x_wconf 87' lang='lat' dir='ltr'><strong><em>id</em></strong></span> <span class='ocrx_word' id='word_1_28' title='bbox 555 2749 630 2816; x_wconf 88' lang='lat' dir='ltr'>quod</span> <span class='ocrx_word' id='word_1_29' title='bbox 653 2748 723 2803; x_wconf 87' lang='lat' dir='ltr'><strong>mihi</strong></span> <span class='ocrx_word' id='word_1_30' title='bbox 743 2748 804 2803; x_wconf 85' lang='lat' dir='ltr'><strong><em>veri</em></strong></span> <span class='ocrx_word' id='word_1_31' title='bbox 826 2765 883 2803; x_wconf 79' lang='lat' dir='ltr'><strong><em>esse</em></strong></span> <span class='ocrx_word' id='word_1_32' title='bbox 901 2749 1013 2803; x_wconf 82' lang='lat' dir='ltr'><strong><em>videtur</em></strong></span> <span class='ocrx_word' id='word_1_33' title='bbox 1035 2749 1152 2803; x_wconf 81' lang='lat' dir='ltr'>similius</span> <span class='ocrx_word' id='word_1_34' title='bbox 1172 2749 1242 2802; x_wconf 89' lang='lat' dir='ltr'>nihil</span> <span class='ocrx_word' id='word_1_35' title='bbox 1268 2748 1396 2802; x_wconf 77' lang='lat' dir='ltr'><strong><em>exstabat</em></strong></span> 
     </span>
     <span class='ocr_line' id='line_1_10' title="bbox 254 2835 747 2905; baseline 0.004 -17"><span class='ocrx_word' id='word_1_36' title='bbox 254 2835 308 2888; x_wconf 84' lang='lat' dir='ltr'>nisi</span> <span class='ocrx_word' id='word_1_37' title='bbox 326 2835 383 2897; x_wconf 84' lang='lat' dir='ltr'>illa,</span> <span class='ocrx_word' id='word_1_38' title='bbox 403 2853 474 2903; x_wconf 83' lang='lat' dir='ltr'><strong><em>quae</em></strong></span> <span class='ocrx_word' id='word_1_39' title='bbox 493 2853 577 2905; x_wconf 81' lang='lat' dir='ltr'><strong><em>supra</em></strong></span> <span class='ocrx_word' id='word_1_40' title='bbox 593 2836 747 2890; x_wconf 75' lang='lat' dir='ltr'><strong>attulimus.</strong></span> 
     </span>
    </p>

    <p class='ocr_par' dir='ltr' id='par_1_4' title="bbox 253 2921 1396 3080">
     <span class='ocr_line' id='line_1_11' title="bbox 354 2921 1396 2992; baseline -0.001 -16"><span class='ocrx_word' id='word_1_41' title='bbox 354 2925 363 2955; x_wconf 93' lang='lat'>¹</span> <span class='ocrx_word' id='word_1_42' title='bbox 382 2923 472 2977; x_wconf 83' lang='lat' dir='ltr'><strong><em>Valla:</em></strong></span> <span class='ocrx_word' id='word_1_43' title='bbox 493 2925 582 2979; x_wconf 80' lang='lat' dir='ltr'><strong><em>Nulla</em></strong></span> <span class='ocrx_word' id='word_1_44' title='bbox 600 2924 700 2980; x_wconf 78' lang='lat' dir='ltr'><strong><em>virtute</em></strong></span> <span class='ocrx_word' id='word_1_45' title='bbox 717 2923 880 2992; x_wconf 74' lang='lat' dir='ltr'><strong><em>redemptam</em></strong></span> <span class='ocrx_word' id='word_1_46' title='bbox 899 2923 1009 2979; x_wconf 75' lang='lat' dir='ltr'><strong><em>avitiis.</em></strong></span> <span class='ocrx_word' id='word_1_47' title='bbox 1028 2923 1059 2978; x_wconf 75' lang='lat' dir='ltr'><strong><em>ia</em></strong></span> <span class='ocrx_word' id='word_1_48' title='bbox 1077 2929 1117 2978; x_wconf 81' lang='lat' dir='ltr'><strong><em>est</em></strong></span> <span class='ocrx_word' id='word_1_49' title='bbox 1130 2939 1206 2992; x_wconf 74' lang='lat' dir='ltr'><strong><em>quem</em></strong></span> <span class='ocrx_word' id='word_1_50' title='bbox 1219 2923 1296 2976; x_wconf 79' lang='lat' dir='ltr'><strong><em>natta</em></strong></span> <span class='ocrx_word' id='word_1_51' title='bbox 1307 2921 1396 2976; x_wconf 80' lang='lat' dir='ltr'><strong><em>virtue</em></strong></span> 
     </span>
     <span class='ocr_line' id='line_1_12' title="bbox 253 3010 892 3080; baseline -0.003 -15"><span class='ocrx_word' id='word_1_52' title='bbox 253 3027 272 3065; x_wconf 87' lang='lat' dir='ltr'><strong><em>a</em></strong></span> <span class='ocrx_word' id='word_1_53' title='bbox 290 3010 423 3066; x_wconf 69' lang='lat' dir='ltr'><strong><em>conseatis</em></strong></span> <span class='ocrx_word' id='word_1_54' title='bbox 437 3016 527 3080; x_wconf 72' lang='lat' dir='ltr'><strong><em>potest</em></strong></span> <span class='ocrx_word' id='word_1_55' title='bbox 544 3011 621 3066; x_wconf 72' lang='lat' dir='ltr'><strong><em>aaa</em></strong></span> <span class='ocrx_word' id='word_1_56' title='bbox 638 3027 761 3067; x_wconf 79' lang='lat' dir='ltr'><strong><em>revocare</em></strong></span> <span class='ocrx_word' id='word_1_57' title='bbox 779 3051 892 3066; x_wconf 90' lang='grc'><strong>.....</strong></span> 
     </span>
    </p>

    <p class='ocr_par' dir='ltr' id='par_1_5' title="bbox 352 3096 1379 3168">
     <span class='ocr_line' id='line_1_13' title="bbox 352 3096 1379 3168; baseline -0.001 -17"><span class='ocrx_word' id='word_1_58' title='bbox 352 3098 362 3129; x_wconf 84' lang='lat'><strong>²</strong></span> <span class='ocrx_word' id='word_1_59' title='bbox 380 3096 471 3153; x_wconf 79' lang='lat' dir='ltr'><strong><em>Valle:</em></strong></span> <span class='ocrx_word' id='word_1_60' title='bbox 491 3097 611 3152; x_wconf 78' lang='lat' dir='ltr'><strong><em>Detite&#39;ae</em></strong></span> <span class='ocrx_word' id='word_1_61' title='bbox 632 3127 662 3136; x_wconf 93' lang='lat'>-</span> <span class='ocrx_word' id='word_1_62' title='bbox 682 3104 847 3168; x_wconf 75' lang='lat' dir='ltr'><strong><em>aspernatur</em></strong></span> <span class='ocrx_word' id='word_1_63' title='bbox 865 3099 979 3153; x_wconf 75' lang='lat' dir='ltr'><strong><em>adulter.</em></strong></span> <span class='ocrx_word' id='word_1_64' title='bbox 998 3099 1029 3152; x_wconf 81' lang='lat' dir='ltr'><strong><em>in</em></strong></span> <span class='ocrx_word' id='word_1_65' title='bbox 1046 3099 1148 3153; x_wconf 75' lang='lat' dir='ltr'><strong><em>namra</em></strong></span> <span class='ocrx_word' id='word_1_66' title='bbox 1165 3097 1260 3153; x_wconf 74' lang='lat' dir='ltr'><strong><em>debilis</em></strong></span> <span class='ocrx_word' id='word_1_67' title='bbox 1278 3097 1379 3152; x_wconf 80' lang='lat' dir='ltr'><strong><em>scelere.</em></strong></span> 
     </span>
    </p>

    <p class='ocr_par' dir='ltr' id='par_1_6' title="bbox 249 3184 1394 3342">
     <span class='ocr_line' id='line_1_14' title="bbox 352 3184 1394 3255; baseline 0.001 -18"><span class='ocrx_word' id='word_1_68' title='bbox 352 3186 362 3218; x_wconf 83' lang='lat'>³</span> <span class='ocrx_word' id='word_1_69' title='bbox 382 3184 473 3238; x_wconf 82' lang='lat' dir='ltr'><strong><em>Vella:</em></strong></span> <span class='ocrx_word' id='word_1_70' title='bbox 492 3185 592 3255; x_wconf 74' lang='lat' dir='ltr'><strong><em>Iaqera</em></strong></span> <span class='ocrx_word' id='word_1_71' title='bbox 610 3190 673 3252; x_wconf 79' lang='lat' dir='ltr'><strong><em>quat</em></strong></span> <span class='ocrx_word' id='word_1_72' title='bbox 691 3185 780 3240; x_wconf 80' lang='lat' dir='ltr'><strong><em>ae&#39;ee&#39;aa</em></strong></span> <span class='ocrx_word' id='word_1_73' title='bbox 797 3187 869 3253; x_wconf 70' lang='lat' dir='ltr'><strong><em>soro.</em></strong></span> <span class='ocrx_word' id='word_1_74' title='bbox 889 3201 970 3254; x_wconf 74' lang='lat' dir='ltr'><strong><em>qaam</em></strong></span> <span class='ocrx_word' id='word_1_75' title='bbox 987 3187 1041 3240; x_wconf 87' lang='lat' dir='ltr'><strong><em>late</em></strong></span> <span class='ocrx_word' id='word_1_76' title='bbox 1057 3192 1181 3254; x_wconf 77' lang='lat' dir='ltr'><strong><em>patentes</em></strong></span> <span class='ocrx_word' id='word_1_77' title='bbox 1193 3185 1314 3254; x_wconf 75' lang='lat' dir='ltr'><strong><em>undique</em></strong></span> <span class='ocrx_word' id='word_1_78' title='bbox 1325 3199 1394 3239; x_wconf 82' lang='lat' dir='ltr'><strong><em>eam-</em></strong></span> 
     </span>
     <span class='ocr_line' id='line_1_15' title="bbox 249 3272 1119 3342; baseline -0.001 -14"><span class='ocrx_word' id='word_1_79' title='bbox 249 3289 299 3342; x_wconf 79' lang='lat' dir='ltr'><strong><em>poe</em></strong></span> <span class='ocrx_word' id='word_1_80' title='bbox 317 3273 378 3329; x_wconf 80' lang='lat' dir='ltr'><strong><em>arbi</em></strong></span> <span class='ocrx_word' id='word_1_81' title='bbox 395 3273 496 3328; x_wconf 74' lang='lat' dir='ltr'><strong><em>aetnae</em></strong></span> <span class='ocrx_word' id='word_1_82' title='bbox 510 3273 621 3327; x_wconf 80' lang='lat' dir='ltr'><strong><em>habeat:</em></strong></span> <span class='ocrx_word' id='word_1_83' title='bbox 641 3277 691 3327; x_wconf 82' lang='lat' dir='ltr'><strong><em>eat</em></strong></span> <span class='ocrx_word' id='word_1_84' title='bbox 707 3273 771 3340; x_wconf 75' lang='lat' dir='ltr'><strong><em>foro</em></strong></span> <span class='ocrx_word' id='word_1_85' title='bbox 785 3272 863 3328; x_wconf 79' lang='lat' dir='ltr'><strong><em>aedes</em></strong></span> <span class='ocrx_word' id='word_1_86' title='bbox 881 3277 906 3326; x_wconf 93' lang='lat' dir='ltr'><strong><em>et</em></strong></span> <span class='ocrx_word' id='word_1_87' title='bbox 923 3273 1014 3327; x_wconf 75' lang='lat' dir='ltr'><strong><em>hortae</em></strong></span> <span class='ocrx_word' id='word_1_88' title='bbox 1033 3315 1039 3328; x_wconf 91' lang='lat'><strong>.</strong></span> <span class='ocrx_word' id='word_1_89' title='bbox 1059 3314 1064 3327; x_wconf 93' lang='lat'>.</span> <span class='ocrx_word' id='word_1_90' title='bbox 1086 3312 1092 3327; x_wconf 92' lang='lat'><strong>.</strong></span> <span class='ocrx_word' id='word_1_91' title='bbox 1113 3314 1119 3326; x_wconf 93' lang='lat'>.</span> 
     </span>
    </p>

    <p class='ocr_par' dir='ltr' id='par_1_7' title="bbox 250 3360 1396 3780">
     <span class='ocr_line' id='line_1_16' title="bbox 351 3360 1395 3430; baseline 0 -15"><span class='ocrx_word' id='word_1_92' title='bbox 351 3364 362 3394; x_wconf 91' lang='lat'><strong>⁴</strong></span> <span class='ocrx_word' id='word_1_93' title='bbox 380 3361 472 3415; x_wconf 83' lang='lat' dir='ltr'><strong><em>Valla:</em></strong></span> <span class='ocrx_word' id='word_1_94' title='bbox 492 3361 577 3416; x_wconf 85' lang='lat' dir='ltr'><strong><em>Nemo</em></strong></span> <span class='ocrx_word' id='word_1_95' title='bbox 595 3361 683 3416; x_wconf 77' lang='lat' dir='ltr'><strong><em>malae</em></strong></span> <span class='ocrx_word' id='word_1_96' title='bbox 701 3361 793 3428; x_wconf 75' lang='lat' dir='ltr'><strong><em>faetta.</em></strong></span> <span class='ocrx_word' id='word_1_97' title='bbox 812 3360 843 3414; x_wconf 81' lang='lat' dir='ltr'><strong><em>ta</em></strong></span> <span class='ocrx_word' id='word_1_98' title='bbox 860 3365 900 3415; x_wconf 82' lang='lat' dir='ltr'><strong><em>eet</em></strong></span> <span class='ocrx_word' id='word_1_99' title='bbox 919 3361 1007 3415; x_wconf 79' lang='lat' dir='ltr'><strong><em>emate</em></strong></span> <span class='ocrx_word' id='word_1_100' title='bbox 1022 3361 1069 3430; x_wconf 78' lang='lat' dir='ltr'><strong><em>qai</em></strong></span> <span class='ocrx_word' id='word_1_101' title='bbox 1090 3360 1174 3428; x_wconf 79' lang='lat' dir='ltr'><strong><em>foelte</em></strong></span> <span class='ocrx_word' id='word_1_102' title='bbox 1198 3361 1338 3429; x_wconf 73' lang='lat' dir='ltr'><strong><em>metusque</em></strong></span> <span class='ocrx_word' id='word_1_103' title='bbox 1356 3365 1395 3415; x_wconf 81' lang='lat' dir='ltr'><strong><em>est</em></strong></span> 
     </span>
     <span class='ocr_line' id='line_1_17' title="bbox 250 3448 1396 3517; baseline -0.001 -15"><span class='ocrx_word' id='word_1_104' title='bbox 250 3454 392 3516; x_wconf 77' lang='lat' dir='ltr'><strong><em>corruptor</em></strong></span> <span class='ocrx_word' id='word_1_105' title='bbox 410 3450 449 3502; x_wconf 81' lang='lat' dir='ltr'><strong><em>eit</em></strong></span> <span class='ocrx_word' id='word_1_106' title='bbox 466 3464 568 3504; x_wconf 71' lang='lat' dir='ltr'><strong><em>neeesse</em></strong></span> <span class='ocrx_word' id='word_1_107' title='bbox 586 3455 625 3504; x_wconf 86' lang='lat' dir='ltr'><strong><em>eet</em></strong></span> <span class='ocrx_word' id='word_1_108' title='bbox 650 3455 681 3503; x_wconf 80' lang='lat' dir='ltr'><strong><em>eet</em></strong></span> <span class='ocrx_word' id='word_1_109' title='bbox 706 3449 743 3503; x_wconf 77' lang='lat' dir='ltr'><strong><em>sit</em></strong></span> <span class='ocrx_word' id='word_1_110' title='bbox 766 3448 836 3516; x_wconf 73' lang='lat' dir='ltr'><strong><em>felte</em></strong></span> <span class='ocrx_word' id='word_1_111' title='bbox 858 3448 931 3503; x_wconf 78' lang='lat' dir='ltr'><strong><em>diaes</em></strong></span> <span class='ocrx_word' id='word_1_112' title='bbox 955 3451 994 3504; x_wconf 82' lang='lat' dir='ltr'><strong><em>vel</em></strong></span> <span class='ocrx_word' id='word_1_113' title='bbox 1012 3449 1067 3504; x_wconf 81' lang='lat' dir='ltr'><strong><em>eive</em></strong></span> <span class='ocrx_word' id='word_1_114' title='bbox 1084 3449 1122 3503; x_wconf 79' lang='lat' dir='ltr'><strong><em>sit</em></strong></span> <span class='ocrx_word' id='word_1_115' title='bbox 1140 3449 1228 3503; x_wconf 75' lang='lat' dir='ltr'><strong><em>malae</em></strong></span> <span class='ocrx_word' id='word_1_116' title='bbox 1255 3448 1302 3517; x_wconf 78' lang='lat' dir='ltr'><strong><em>qui</em></strong></span> <span class='ocrx_word' id='word_1_117' title='bbox 1319 3449 1396 3502; x_wconf 77' lang='lat' dir='ltr'><strong><em>intra</em></strong></span> 
     </span>
     <span class='ocr_line' id='line_1_18' title="bbox 251 3534 1394 3607; baseline -0.001 -17"><span class='ocrx_word' id='word_1_118' title='bbox 251 3537 370 3590; x_wconf 76' lang='lat' dir='ltr'><strong><em>animam</em></strong></span> <span class='ocrx_word' id='word_1_119' title='bbox 387 3543 477 3592; x_wconf 79' lang='lat' dir='ltr'><strong><em>vereat</em></strong></span> <span class='ocrx_word' id='word_1_120' title='bbox 493 3537 577 3592; x_wconf 70' lang='lat' dir='ltr'><strong><em>scelus</em></strong></span> <span class='ocrx_word' id='word_1_121' title='bbox 595 3537 651 3592; x_wconf 75' lang='lat' dir='ltr'><strong><em>eive</em></strong></span> <span class='ocrx_word' id='word_1_122' title='bbox 667 3541 822 3605; x_wconf 74' lang='lat' dir='ltr'><strong><em>corruptor.-</em></strong></span> <span class='ocrx_word' id='word_1_123' title='bbox 839 3542 932 3607; x_wconf 76' lang='lat' dir='ltr'><strong><em>atpote</em></strong></span> <span class='ocrx_word' id='word_1_124' title='bbox 950 3537 998 3606; x_wconf 77' lang='lat' dir='ltr'><strong><em>qai</em></strong></span> <span class='ocrx_word' id='word_1_125' title='bbox 1009 3542 1295 3607; x_wconf 79' lang='lat' dir='ltr'><strong><em>perpetratpeecatam</em></strong></span> <span class='ocrx_word' id='word_1_126' title='bbox 1308 3534 1394 3603; x_wconf 70' lang='lat' dir='ltr'><strong><em>foelix</em></strong></span> 
     </span>
     <span class='ocr_line' id='line_1_19' title="bbox 250 3623 1392 3695; baseline 0 -19"><span class='ocrx_word' id='word_1_127' title='bbox 250 3639 305 3676; x_wconf 75' lang='lat' dir='ltr'><strong><em>aeae</em></strong></span> <span class='ocrx_word' id='word_1_128' title='bbox 325 3624 399 3678; x_wconf 77' lang='lat' dir='ltr'><strong><em>natta</em></strong></span> <span class='ocrx_word' id='word_1_129' title='bbox 416 3623 495 3678; x_wconf 81' lang='lat' dir='ltr'><strong><em>moda</em></strong></span> <span class='ocrx_word' id='word_1_130' title='bbox 511 3628 607 3691; x_wconf 81' lang='lat' dir='ltr'><strong><em>potest.</em></strong></span> <span class='ocrx_word' id='word_1_131' title='bbox 636 3653 670 3664; x_wconf 93' lang='lat'><em>-</em></span> <span class='ocrx_word' id='word_1_132' title='bbox 698 3624 778 3678; x_wconf 82' lang='lat' dir='ltr'><strong><em>Certe</em></strong></span> <span class='ocrx_word' id='word_1_133' title='bbox 807 3625 837 3677; x_wconf 89' lang='lat' dir='ltr'><strong><em>in</em></strong></span> <span class='ocrx_word' id='word_1_134' title='bbox 857 3624 1011 3679; x_wconf 85' lang='lat' dir='ltr'><strong><em>Pithoeano</em></strong></span> <span class='ocrx_word' id='word_1_135' title='bbox 1039 3624 1143 3679; x_wconf 73' lang='lat' dir='ltr'><strong>scholio</strong></span> <span class='ocrx_word' id='word_1_136' title='bbox 1169 3625 1317 3695; x_wconf 82' lang='lat' dir='ltr'><strong><em>legendam</em></strong></span> <span class='ocrx_word' id='word_1_137' title='bbox 1335 3626 1392 3677; x_wconf 68' lang='lat' dir='ltr'><strong><em>este</em></strong></span> 
     </span>
     <span class='ocr_line' id='line_1_20' title="bbox 250 3710 584 3780; baseline -0.006 -14"><span class='ocrx_word' id='word_1_138' title='bbox 250 3712 404 3780; x_wconf 72' lang='lat' dir='ltr'><strong><em>pleramque</em></strong></span> <span class='ocrx_word' id='word_1_139' title='bbox 420 3710 519 3776; x_wconf 71' lang='lat' dir='ltr'><strong><em>infelix</em></strong></span> <span class='ocrx_word' id='word_1_140' title='bbox 537 3715 584 3765; x_wconf 82' lang='lat' dir='ltr'><strong><em>eet.</em></strong></span> 
     </span>
    </p>

    <p class='ocr_par' dir='ltr' id='par_1_8' title="bbox 351 3796 1264 3856">
     <span class='ocr_line' id='line_1_21' title="bbox 351 3796 1264 3856; baseline 0.003 -4"><span class='ocrx_word' id='word_1_141' title='bbox 351 3801 362 3831; x_wconf 76' lang='lat'>⁵</span> <span class='ocrx_word' id='word_1_142' title='bbox 381 3797 474 3852; x_wconf 84' lang='lat' dir='ltr'><strong><em>Valla:</em></strong></span> <span class='ocrx_word' id='word_1_143' title='bbox 496 3796 608 3855; x_wconf 75' lang='lat' dir='ltr'><strong><em>Caderet</em></strong></span> <span class='ocrx_word' id='word_1_144' title='bbox 628 3827 661 3838; x_wconf 93' lang='lat'><em>-</em></span> <span class='ocrx_word' id='word_1_145' title='bbox 681 3815 791 3854; x_wconf 80' lang='lat' dir='ltr'><strong><em>moram.</em></strong></span> <span class='ocrx_word' id='word_1_146' title='bbox 811 3800 841 3854; x_wconf 82' lang='lat' dir='ltr'><strong><em>id</em></strong></span> <span class='ocrx_word' id='word_1_147' title='bbox 859 3806 898 3856; x_wconf 81' lang='lat' dir='ltr'><strong><em>eet</em></strong></span> <span class='ocrx_word' id='word_1_148' title='bbox 916 3817 935 3854; x_wconf 86' lang='lat' dir='ltr'><strong><em>a</em></strong></span> <span class='ocrx_word' id='word_1_149' title='bbox 953 3815 1061 3856; x_wconf 76' lang='lat' dir='ltr'><strong><em>censore</em></strong></span> <span class='ocrx_word' id='word_1_150' title='bbox 1079 3800 1264 3855; x_wconf 66' lang='lat' dir='ltr'><strong><em>deonnaretar.</em></strong></span> 
     </span>
    </p>
   </div>
   <div class='ocr_carea' id='block_1_4' title="bbox 247 3885 1393 4222">
    <p class='ocr_par' dir='ltr' id='par_1_9' title="bbox 247 3885 1393 4222">
     <span class='ocr_line' id='line_1_22' title="bbox 351 3885 1393 3958; baseline 0.002 -19"><span class='ocrx_word' id='word_1_151' title='bbox 351 3887 362 3918; x_wconf 81' lang='lat'><strong>⁶</strong></span> <span class='ocrx_word' id='word_1_152' title='bbox 380 3885 472 3940; x_wconf 81' lang='lat' dir='ltr'><strong><em>Valla:</em></strong></span> <span class='ocrx_word' id='word_1_153' title='bbox 494 3886 569 3941; x_wconf 86' lang='lat' dir='ltr'><strong><em>Nam</em></strong></span> <span class='ocrx_word' id='word_1_154' title='bbox 584 3916 617 3925; x_wconf 94' lang='lat'><em>-</em></span> <span class='ocrx_word' id='word_1_155' title='bbox 630 3887 702 3957; x_wconf 76' lang='lat' dir='ltr'><strong><em>tyrio</em></strong></span> <span class='ocrx_word' id='word_1_156' title='bbox 721 3887 841 3957; x_wconf 76' lang='lat' dir='ltr'><strong><em>serioque</em></strong></span> <span class='ocrx_word' id='word_1_157' title='bbox 860 3889 969 3944; x_wconf 78' lang='lat' dir='ltr'><strong><em>decebat</em></strong></span> <span class='ocrx_word' id='word_1_158' title='bbox 988 3888 1139 3958; x_wconf 72' lang='lat' dir='ltr'><strong><em>crispinum</em></strong></span> <span class='ocrx_word' id='word_1_159' title='bbox 1158 3925 1325 3942; x_wconf 90' lang='grc'><strong>.......</strong></span> <span class='ocrx_word' id='word_1_160' title='bbox 1343 3891 1393 3942; x_wconf 82' lang='lat' dir='ltr'><strong><em>aut</em></strong></span> 
     </span>
     <span class='ocr_line' id='line_1_23' title="bbox 250 3973 1392 4045; baseline 0.002 -18"><span class='ocrx_word' id='word_1_161' title='bbox 250 3974 296 4028; x_wconf 78' lang='lat' dir='ltr'><strong><em>hos</em></strong></span> <span class='ocrx_word' id='word_1_162' title='bbox 308 3973 403 4028; x_wconf 75' lang='lat' dir='ltr'><strong><em>laudat</em></strong></span> <span class='ocrx_word' id='word_1_163' title='bbox 416 3974 612 4042; x_wconf 75' lang='lat' dir='ltr'><strong><em>comparatione</em></strong></span> <span class='ocrx_word' id='word_1_164' title='bbox 624 3975 747 4045; x_wconf 72' lang='lat' dir='ltr'><em>crispini.</em></span> <span class='ocrx_word' id='word_1_165' title='bbox 767 3975 833 4044; x_wconf 74' lang='lat' dir='ltr'><strong><em>qaid</em></strong></span> <span class='ocrx_word' id='word_1_166' title='bbox 844 4007 876 4016; x_wconf 93' lang='lat'><strong><em>—-</em></strong></span> <span class='ocrx_word' id='word_1_167' title='bbox 887 3983 934 4032; x_wconf 77' lang='lat' dir='ltr'><strong><em>eet.</em></strong></span> <span class='ocrx_word' id='word_1_168' title='bbox 953 3976 1009 4032; x_wconf 74' lang='lat' dir='ltr'><strong><em>atet</em></strong></span> <span class='ocrx_word' id='word_1_169' title='bbox 1023 3975 1137 4032; x_wconf 72' lang='lat' dir='ltr'><strong><em>obiicias</em></strong></span> <span class='ocrx_word' id='word_1_170' title='bbox 1150 3975 1220 4044; x_wconf 74' lang='lat' dir='ltr'><strong><em>qaod</em></strong></span> <span class='ocrx_word' id='word_1_171' title='bbox 1236 3975 1266 4030; x_wconf 85' lang='lat' dir='ltr'><strong><em>in</em></strong></span> <span class='ocrx_word' id='word_1_172' title='bbox 1285 3991 1316 4030; x_wconf 88' lang='lat' dir='ltr'><strong><em>ea</em></strong></span> <span class='ocrx_word' id='word_1_173' title='bbox 1335 3980 1392 4029; x_wconf 80' lang='lat' dir='ltr'><strong><em>tar-</em></strong></span> 
     </span>
     <span class='ocr_line' id='line_1_24' title="bbox 247 4061 1392 4132; baseline 0 -16"><span class='ocrx_word' id='word_1_174' title='bbox 247 4061 389 4132; x_wconf 74' lang='lat' dir='ltr'><strong><em>pisea&#39;mum</em></strong></span> <span class='ocrx_word' id='word_1_175' title='bbox 408 4067 454 4116; x_wconf 79' lang='lat' dir='ltr'><strong><em>eet.</em></strong></span> <span class='ocrx_word' id='word_1_176' title='bbox 473 4092 508 4102; x_wconf 89' lang='lat'><em>-</em></span> <span class='ocrx_word' id='word_1_177' title='bbox 527 4061 608 4116; x_wconf 84' lang='lat' dir='ltr'><strong><em>Valla</em></strong></span> <span class='ocrx_word' id='word_1_178' title='bbox 626 4063 680 4117; x_wconf 87' lang='lat' dir='ltr'><strong><em>duo</em></strong></span> <span class='ocrx_word' id='word_1_179' title='bbox 699 4064 767 4118; x_wconf 74' lang='lat' dir='ltr'><strong><em>haec</em></strong></span> <span class='ocrx_word' id='word_1_180' title='bbox 786 4064 891 4119; x_wconf 78' lang='lat' dir='ltr'>scholia</span> <span class='ocrx_word' id='word_1_181' title='bbox 910 4065 938 4118; x_wconf 90' lang='lat' dir='ltr'><strong><em>in</em></strong></span> <span class='ocrx_word' id='word_1_182' title='bbox 956 4081 1004 4118; x_wconf 80' lang='lat' dir='ltr'><strong><em>suo</em></strong></span> <span class='ocrx_word' id='word_1_183' title='bbox 1022 4063 1094 4118; x_wconf 80' lang='lat' dir='ltr'><strong>libro</strong></span> <span class='ocrx_word' id='word_1_184' title='bbox 1115 4063 1213 4117; x_wconf 85' lang='lat' dir='ltr'><strong><em>eodem</em></strong></span> <span class='ocrx_word' id='word_1_185' title='bbox 1230 4064 1313 4118; x_wconf 86' lang='lat' dir='ltr'>modo</span> <span class='ocrx_word' id='word_1_186' title='bbox 1330 4079 1392 4118; x_wconf 85' lang='lat' dir='ltr'><strong><em>eon·</em></strong></span> 
     </span>
     <span class='ocr_line' id='line_1_25' title="bbox 250 4150 1392 4222; baseline 0 -18"><span class='ocrx_word' id='word_1_187' title='bbox 250 4151 345 4205; x_wconf 79' lang='lat' dir='ltr'><strong><em>iuncta</em></strong></span> <span class='ocrx_word' id='word_1_188' title='bbox 363 4151 500 4205; x_wconf 82' lang='lat' dir='ltr'><strong><em>invenisse</em></strong></span> <span class='ocrx_word' id='word_1_189' title='bbox 518 4150 639 4219; x_wconf 82' lang='lat' dir='ltr'><strong><em>videtur,</em></strong></span> <span class='ocrx_word' id='word_1_190' title='bbox 658 4168 713 4218; x_wconf 90' lang='lat' dir='ltr'><strong><em>quo</em></strong></span> <span class='ocrx_word' id='word_1_191' title='bbox 732 4169 782 4205; x_wconf 82' lang='lat' dir='ltr'><strong><em>nos</em></strong></span> <span class='ocrx_word' id='word_1_192' title='bbox 800 4152 830 4205; x_wconf 88' lang='lat' dir='ltr'><strong><em>in</em></strong></span> <span class='ocrx_word' id='word_1_193' title='bbox 850 4152 930 4206; x_wconf 82' lang='lat' dir='ltr'><strong>codd.</strong></span> <span class='ocrx_word' id='word_1_194' title='bbox 946 4151 1034 4205; x_wconf 83' lang='lat' dir='ltr'><strong><em>Mont.</em></strong></span> <span class='ocrx_word' id='word_1_195' title='bbox 1054 4155 1082 4205; x_wconf 83' lang='lat' dir='ltr'><strong><em>et</em></strong></span> <span class='ocrx_word' id='word_1_196' title='bbox 1096 4150 1179 4222; x_wconf 80' lang='lat' dir='ltr'><strong><em>Sang.</em></strong></span> <span class='ocrx_word' id='word_1_197' title='bbox 1198 4151 1280 4206; x_wconf 79' lang='lat' dir='ltr'><strong><em>Falso</em></strong></span> <span class='ocrx_word' id='word_1_198' title='bbox 1300 4154 1392 4205; x_wconf 75' lang='lat' dir='ltr'><strong><em>autem</em></strong></span> 
     </span>
    </p>
   </div>
   <div class='ocr_carea' id='block_1_5' title="bbox 249 4239 1394 4556">
    <p class='ocr_par' dir='ltr' id='par_1_10' title="bbox 249 4239 1394 4556">
     <span class='ocr_line' id='line_1_26' title="bbox 249 4239 1394 4311; baseline -0.001 -18"><span class='ocrx_word' id='word_1_199' title='bbox 249 4240 388 4307; x_wconf 79' lang='lat' dir='ltr'><strong><em>posteriue</em></strong></span> <span class='ocrx_word' id='word_1_200' title='bbox 407 4239 687 4308; x_wconf 83' lang='lat' dir='ltr'><strong><em>interpretamentum</em></strong></span> <span class='ocrx_word' id='word_1_201' title='bbox 706 4240 742 4294; x_wconf 86' lang='lat' dir='ltr'><strong><em>ad</em></strong></span> <span class='ocrx_word' id='word_1_202' title='bbox 765 4240 851 4295; x_wconf 79' lang='lat' dir='ltr'><strong><em>verba</em></strong></span> <span class='ocrx_word' id='word_1_203' title='bbox 870 4239 955 4311; x_wconf 76' lang='lat' dir='ltr'><em>‘Quid</em></span> <span class='ocrx_word' id='word_1_204' title='bbox 973 4241 1054 4310; x_wconf 68' lang='lat' dir='ltr'><strong><em>ayaa’</em></strong></span> <span class='ocrx_word' id='word_1_205' title='bbox 1076 4243 1128 4294; x_wconf 77' lang='lat' dir='ltr'><strong><em>ete.</em></strong></span> <span class='ocrx_word' id='word_1_206' title='bbox 1156 4240 1279 4308; x_wconf 79' lang='lat' dir='ltr'><strong><em>rettulit3</em></strong></span> <span class='ocrx_word' id='word_1_207' title='bbox 1311 4256 1394 4307; x_wconf 82' lang='lat' dir='ltr'><strong><em>quem</em></strong></span> 
     </span>
     <span class='ocr_line' id='line_1_27' title="bbox 249 4326 1393 4397; baseline 0 -17"><span class='ocrx_word' id='word_1_208' title='bbox 249 4343 373 4381; x_wconf 77' lang='lat' dir='ltr'><strong><em>errorem</em></strong></span> <span class='ocrx_word' id='word_1_209' title='bbox 401 4328 489 4382; x_wconf 81' lang='lat' dir='ltr'><strong><em>secuti</em></strong></span> <span class='ocrx_word' id='word_1_210' title='bbox 518 4331 583 4381; x_wconf 78' lang='lat' dir='ltr'><strong><em>eunt</em></strong></span> <span class='ocrx_word' id='word_1_211' title='bbox 603 4327 761 4396; x_wconf 79' lang='lat' dir='ltr'>Sohopenus</span> <span class='ocrx_word' id='word_1_212' title='bbox 790 4328 819 4394; x_wconf 87' lang='lat' dir='ltr'><strong><em>(l.</em></strong></span> <span class='ocrx_word' id='word_1_213' title='bbox 838 4345 861 4382; x_wconf 82' lang='lat' dir='ltr'><strong><em>a.</em></strong></span> <span class='ocrx_word' id='word_1_214' title='bbox 880 4346 907 4397; x_wconf 92' lang='lat' dir='ltr'><strong><em>p.</em></strong></span> <span class='ocrx_word' id='word_1_215' title='bbox 927 4327 989 4396; x_wconf 78' lang='lat'>362)</span> <span class='ocrx_word' id='word_1_216' title='bbox 1009 4331 1037 4382; x_wconf 81' lang='lat' dir='ltr'><strong><em>et</em></strong></span> <span class='ocrx_word' id='word_1_217' title='bbox 1065 4327 1189 4382; x_wconf 76' lang='lat' dir='ltr'><strong><em>Iahnius:</em></strong></span> <span class='ocrx_word' id='word_1_218' title='bbox 1217 4331 1294 4382; x_wconf 80' lang='lat' dir='ltr'><strong><em>recte</em></strong></span> <span class='ocrx_word' id='word_1_219' title='bbox 1323 4326 1393 4380; x_wconf 78' lang='lat' dir='ltr'><strong><em>Rut-</em></strong></span> 
     </span>
     <span class='ocr_line' id='line_1_28' title="bbox 249 4413 1391 4484; baseline 0 -18"><span class='ocrx_word' id='word_1_220' title='bbox 249 4415 357 4482; x_wconf 81' lang='lat' dir='ltr'><strong><em>gersius</em></strong></span> <span class='ocrx_word' id='word_1_221' title='bbox 376 4415 443 4469; x_wconf 82' lang='lat' dir='ltr'><strong><em>haee</em></strong></span> <span class='ocrx_word' id='word_1_222' title='bbox 462 4415 541 4469; x_wconf 81' lang='lat' dir='ltr'><strong><em>adv.</em></strong></span> <span class='ocrx_word' id='word_1_223' title='bbox 562 4418 593 4468; x_wconf 91' lang='lat'><strong><em>11</em></strong></span> <span class='ocrx_word' id='word_1_224' title='bbox 614 4413 678 4470; x_wconf 74' lang='lat' dir='ltr'><strong><em>‘Sea</em></strong></span> <span class='ocrx_word' id='word_1_225' title='bbox 690 4431 763 4470; x_wconf 79' lang='lat' dir='ltr'><strong><em>nune</em></strong></span> <span class='ocrx_word' id='word_1_226' title='bbox 782 4414 814 4470; x_wconf 78' lang='lat' dir='ltr'><strong><em>de</em></strong></span> <span class='ocrx_word' id='word_1_227' title='bbox 830 4413 914 4481; x_wconf 76' lang='lat' dir='ltr'><strong><em>saetis</em></strong></span> <span class='ocrx_word' id='word_1_228' title='bbox 934 4415 1090 4470; x_wconf 54' lang='lat' dir='ltr'><strong><em>levioribus</em></strong></span> <span class='ocrx_word' id='word_1_229' title='bbox 1118 4418 1231 4468; x_wconf 80' lang='lat' dir='ltr'><strong><em>revocat</em></strong></span> <span class='ocrx_word' id='word_1_230' title='bbox 1251 4414 1391 4484; x_wconf 79' lang='lat' dir='ltr'><strong><em>legitque:</em></strong></span> 
     </span>
     <span class='ocr_line' id='line_1_29' title="bbox 251 4501 545 4556; baseline 0.01 -3"><span class='ocrx_word' id='word_1_231' title='bbox 251 4501 320 4554; x_wconf 80' lang='lat' dir='ltr'><strong><em>Noa</em></strong></span> <span class='ocrx_word' id='word_1_232' title='bbox 339 4519 371 4556; x_wconf 90' lang='lat' dir='ltr'><strong><em>ea</em></strong></span> <span class='ocrx_word' id='word_1_233' title='bbox 388 4501 545 4556; x_wconf 76' lang='lat' dir='ltr'><strong><em>obiiciemue.</em></strong></span> 
     </span>
    </p>
   </div>
   <div class='ocr_carea' id='block_1_6' title="bbox 0 0 1638 4914">
    <p class='ocr_par' dir='ltr' id='par_1_11' title="bbox 0 0 1638 4914">
     <span class='ocr_line' id='line_1_30' title="bbox 0 0 1638 4914; baseline 0 0"><span class='ocrx_word' id='word_1_234' title='bbox 0 0 1638 4914; x_wconf 95' lang='lat' dir='ltr'><strong><em> </em></strong></span> 
     </span>
    </p>
   </div>
  </div>
 </body>
</html>
