3266 4914
807 321 841 372 73

248 510 318 564 6616
345 524 373 580 p.
402 503 452 576 31,
485 497 640 558 Acbaintr.
670 497 737 556 Iuv.
765 515 795 555 v.
823 494 856 552 II
884 514 934 571 pp.
959 497 997 554 76
1028 500 1058 552 61
1085 496 1134 567 97,
1169 493 1300 555 Cramer.
1329 496 1350 554 1.
1374 515 1398 554 6.

248 625 278 681 p.
302 606 330 677 3,
362 601 472 662 Osann.
495 600 637 674 Beitrbge
666 616 720 655 zur
745 596 928 670 Literaturg.
958 616 989 655 v.
1012 595 1046 654 II
1067 616 1096 672 p.
1121 597 1170 670 27,
1196 597 1281 655 Iabn.
1310 595 1399 672 proll.

249 690 286 763 ad
308 704 392 762 Pers.
415 722 443 779 p.
466 699 587 772 CLVII,
620 696 722 773 Steup.
755 696 791 754 de
813 695 921 754 Probis
951 714 1075 771 gramm.
1102 714 1131 772 p.
1160 696 1209 768 78,
1242 693 1400 752 Μ611111661

249 805 269 862 l.
294 823 319 862 c.
341 823 370 879 p.
395 804 423 875 3,
447 799 563 861 Straolr.
587 801 608 860 l.
632 821 656 860 6.
676 821 705 877 p.
730 801 747 856 2
770 819 815 876 sq.
863 797 936 857 Cum
968 817 1041 858 vero
1075 800 1256 857 recentiores
1282 802 1401 874 praeter

251 902 406 980 Steupium
438 920 539 960 661666
568 901 660 960 Probi
693 919 798 959 661666
826 919 843 958 6
869 899 960 960 Valla
989 905 1041 957 aut
1073 917 1174 958 errore
1207 904 1259 957 aut
1289 903 1400 956 temere

251 1009 281 1060 et
309 1003 372 1060 sine
400 1001 464 1060 ulla
495 1002 672 1060 auctoritate
701 999 770 1058 huic
797 999 1007 1058 commentario
1035 999 1208 1074 impositum
1237 1017 1301 1056 esse
1335 1015 1401 1056 oon·

250 1103 388 1177 tendant,
426 1102 457 1160 id
495 1101 672 1161 monendum
708 1099 829 1160 videtum
869 1099 1035 1157 Domitium
1073 1097 1279 1171 Oalderinum,
1318 1098 1401 1155 cuius

251 1202 341 1260 editio
375 1207 442 1260 ante
475 1203 646 1262 Vallianam
682 1201 777 1277 primo
811 1201 920 1258 emissa
951 1205 1011 1273 est,
1049 1205 1079 1257 et
1113 1200 1213 1276 ipsum
1249 1217 1264 1256 e
1296 1198 1401 1257 libello

250 1302 343 1361 Probi
368 1303 555 1377 grammatici
577 1301 724 1360 scholium
746 1299 973 1358 Iuvenalianum
997 1300 1182 1358 circumferri
1214 1298 1329 1370 dicere;
1364 1297 1400 1356 cf.

253 1421 343 1478 supra
370 1423 397 1478 p.
428 1403 467 1460 26
494 1423 523 1460 6.
552 1403 580 1460 2.
633 1401 719 1460 Unde
759 1400 914 1477 probabile
951 1400 986 1458 fit
1024 1399 1144 1460 Vallem
1182 1399 1332 1458 invenisse
1370 1398 1401 1455 in

252 1501 353 1561 codice
379 1522 431 1560 suo
454 1501 577 1561 scholiis
600 1501 804 1561 Iuvenalianis
825 1501 1044 1576 praescriptum
1062 1519 1169 1558 nomen
1190 1499 1293 1556 Probi.
1334 1497 1401 1556 Hoc

252 1608 351 1660 autem
384 1603 575 1660 confirmatur
605 1621 649 1677 eo,
683 1601 762 1678 quod
795 1602 827 1658 in
859 1597 960 1658 codice
985 1600 1083 1659 Vatia.
1129 1599 1235 1658 Urbin.
1265 1618 1311 1656 nr.
1340 1598 1399 1656 661

252 1702 414 1760 membran.
442 1720 518 1760 saec.
543 1701 589 1758 XI
618 1701 670 1759 fol.
693 1701 763 1758 min.
794 1699 917 1759 scholiis
947 1700 984 1757 ad
1006 1698 1190 1772 Iuvenalem,
1221 1715 1297 1774 quae
1327 1697 1401 1773 ipsis

252 1808 357 1878 poetae
390 1801 569 1860 carminibus
602 1801 747 1860 absolutis
775 1801 796 1858 f.
820 1803 859 1859 62
890 1801 1036 1876 166161661
1065 1805 1095 1857 61
1124 1815 1218 1874 usquc
1251 1797 1288 1855 ad
1313 1797 1402 1856 finem
1477 1831 1482 1838 ·

252 1901 323 1959 libri
356 1903 573 1974 continuantur,
603 1900 699 1958 altera
722 1900 850 1977 quidem,
885 1900 936 1958 sed
970 1899 1101 1958 eiusdem
1123 1898 1186 1955 fere
1213 1897 1321 1955 aetatis
1354 1917 1401 1956 611-

251 2003 298 2059 ius
320 2003 416 2078 prima
445 2008 490 2060 est
516 2021 605 2060 manu
632 2001 815 2077 adscriptum
837 2001 949 2075 legitur
972 1993 1127 2059 PROBVS.
1170 1998 1402 2074 (1666166611-

251 2121 331 2160 mum
352 2103 383 2160 in
404 2103 541 2160 notitiam
563 2121 659 2160 meam
679 2102 764 2160 venit
788 2099 945 2176 spicilegii
966 2101 1051 2158 Rom.
1074 2104 1096 2156 t.
1119 2117 1206 2170 nono,
1229 2099 1281 2156 ubi
1302 2098 1400 2156 Maius

251 2203 282 2260 16
304 2202 465 2279 appendice
494 2207 563 2279 post
589 2202 804 2278 praefationem
826 2201 916 2258 tertia
938 2220 966 2276 p.
990 2199 1036 2260 VI
1065 2200 1145 2257 inter
1172 2198 1287 2257 codices
1310 2198 1401 2256 inedi-

251 2306 299 2360 tos
327 2301 506 2361 scholiasten
537 2307 747 2361 commemorat
768 2301 922 2360 Iuvenalis
952 2299 1105 2358 diversum
1127 2300 1282 2375 multoque
1305 2299 1402 2376 66616·

237 2404 361 2480 ,6161661
377 2403 465 2469 edito,
488 2404 540 2479 qui
563 2407 660 2460 exstet
681 2403 711 2460 in
734 2401 834 2462 codice
856 2406 1038 2477 pervetusto,
1061 2400 1113 2458 ubi
1136 2401 1195 2459 siut
1216 2402 1339 2476 insuper
1358 2401 1401 2460 in·

251 2503 427 2562 terlineares
457 2501 586 2577 glossae.
631 2496 769 2577 ‘Auctor,
799 2502 906 2578 inquit,
939 2501 1048 2559 dicitur
1069 2500 1196 2578 Probus,
1230 2500 1282 2558 sed
1304 2507 1403 2560 tamen

252 2601 340 2662 homo
364 2601 543 2660 christianus
566 2608 621 2675 est,
651 2598 701 2661 vel
724 2608 803 2660 certe
828 2601 1041 2677 interpolatum
1062 2621 1136 2677 opus
1163 2619 1259 2678 usquc
1281 2601 1319 2659 ad
1340 2619 1402 2660 sae·

252 2702 350 2760 culum
372 2702 465 2760 ferme
487 2702 535 2760 IX
537 2745 712 2761 ........
736 2701 875 2777 Abrupto
900 2701 957 2758 hoc
980 2702 1190 2760 commentario
1208 2703 1286 2762 circa
1301 2702 1400 2778 operis

251 2801 390 2875 medium,
423 2802 471 2860 usi
493 2802 598 2860 deinde
631 2820 731 2860 sumus
762 2801 886 2860 scholiis
908 2796 991 2858 aliis'
1019 2807 1074 2859 eto.
1121 2799 1205 2867 Quae
1235 2803 1306 2879 quia
1336 2821 1402 2860 cum

252 2902 304 2974 eis,
328 2920 404 2978 quac
426 2901 517 2960 Valla
538 2902 574 2960 de
598 2921 650 2960 suc
672 2901 771 2960 Probo
791 2901 893 2976 refert,
917 2902 989 2959 satis
1012 2901 1087 2960 bene
1113 2903 1302 2977 conveniunt,
1330 2903 1401 2960 ami·

253 3021 319 3060 cum
342 2998 380 3060 A.
402 3003 548 3080 Elterum,
582 3002 634 3079 qui
655 3002 767 3060 Romae
800 3007 942 3076 moratur,
976 3001 1046 3075 adii,
1079 3007 1112 3059 ut
1144 3003 1215 3079 quid
1245 3003 1290 3061 rei
1323 3007 1403 3060 esset

252 3102 419 3161 accuratius
442 3103 608 3178 indagaret.
653 3099 713 3168 (161
734 3101 872 3178 plurimis
891 3101 922 3158 16
942 3101 1088 3160 Vaticana
1110 3102 1293 3160 bibliotheca
1314 3102 1402 3162 Iuve-

251 3203 329 3260 nalis
352 3202 503 3262 codicibus
536 3203 678 3279 inspectis
699 3202 819 3261 tandem
840 3202 974 3278 repperit
1005 3203 1115 3260 librum
1137 3221 1155 3260 6
1176 3203 1256 3262 Maio
1285 3202 1402 3261 adhibi·

253 3308 332 3360 tum:
356 3302 471 3362 scholia
492 3304 524 3361 iu
538 3301 635 3361 medio
657 3303 920 3379 interpretamento
944 3301 981 3360 ad
996 3302 1076 3362 VIII
1097 3304 1156 3361 227
1180 3322 1217 3361 ex
1237 3304 1401 3380 improviso

252 3404 483 3479 abrumpudtur;
515 3403 621 3460 ultima
641 3403 735 3460 verba
756 3403 829 3460 haec
854 3407 938 3459 sunt:
971 3402 1126 3462 Maiorem
1146 3404 1228 3475 effice
1250 3399 1319 3478 (sie)
1341 3422 1403 3464 mos

251 3505 311 3575 fait
335 3505 411 3562 olim.
456 3503 499 3561 At
522 3522 580 3561 non
603 3522 668 3561 esse
692 3505 769 3562 6666
791 3505 973 3580 etantiqua,
995 3503 1170 3562 Pithoeanis
1193 3504 1402 3582 Vallianisque
1490 3501 1492 3508 '

255 3605 373 3677 similia,
404 3603 457 3661 sed
478 3604 544 3679 ipsa
567 3601 747 3662 Cornutiana
768 3623 783 3661 6
805 3605 1015 3680 speciminibus
1038 3605 1075 3663 ab
1097 3606 1190 3664 amico
1213 3606 1313 3662 missis
1336 3605 1403 3664 luce

253 3704 363 3762 elarius
385 3703 427 3763 fit.
471 3702 508 3760 Id
529 3708 629 3760 tamen
652 3722 690 3761 ex
712 3705 907 3780 inscriptione
929 3704 983 3762 illa
1005 3710 1139 3780 apparet,
1170 3703 1292 3763 scholiis
1315 3704 1401 3764 Iuve-

253 3804 380 3863 nalianis
402 3803 495 3863 Probi
521 3821 627 3862 nomen
658 3803 754 3862 medio
784 3804 844 3862 iam
877 3823 951 3864 aevo
974 3804 1144 3862 adhaesisse
1177 3823 1272 3880 neque
1294 3804 1402 3864 Vallae

253 3906 349 3963 errori
382 3905 559 3963 licentiaeve
593 3921 658 3961 esse
690 3903 890 3962 tribuendum.
944 3904 1051 3962 Restat
1082 3911 1116 3962 ut
1146 3904 1266 3975 1111616,
1300 3905 1401 3965 iuveni

255 4004 342 4062 docto
365 4010 554 4081 strenuoque,
578 4005 672 4061 amico
695 4003 839 4062 fidissimo
865 4009 894 4060 61
913 4003 1137 4078 humanissimo,
1165 4024 1219 4080 pro
1243 4003 1401 4064 6661666-

253 4105 333 4163 rioso
356 4104 463 4177 officio,
495 4104 573 4181 quod
596 4109 641 4162 tot
674 4104 813 4180 lectuque
833 4109 894 4160 tam
928 4103 1066 4163 difficiles
1100 4103 1216 4163 codices
1245 4104 1343 4164 volvit
1371 4109 1401 4161 et

254 4208 458 4280 perscrutatus
481 4210 534 4278 est,
568 4223 681 4281 proque
713 4205 819 4262 ceteris
852 4205 915 4262 eius
937 4205 966 4262 in
995 4223 1042 4262 me
1070 4205 1193 4279 meritis,
1229 4224 1304 4282 quae
1334 4209 1403 4262 sunt

127 4309 139 4331 ⁹
254 4304 412 4382 permulta,
435 4305 570 4380 publicas
593 4304 736 4364 hocloco
760 4311 789 4362 61
811 4305 926 4363 debitas
949 4323 987 4363 cx
1008 4305 1105 4362 animo
1128 4323 1215 4380 agam
1237 4305 1359 4380 gratias.

742 4521 940 4528 ...ῃ-φῇ.
