3250 4914
847 279 880 332 lo

290 473 319 530 p.
344 452 456 514 chss
476 475 520 533 sq.
573 454 678 532 Neque
700 455 765 516 veri
789 460 834 514 est
856 455 953 513 simile
977 474 1014 513 cx
1034 455 1091 514 boc
1122 455 1222 515 codice
1247 457 1365 532 glossas
1388 456 1438 514 Pi·

290 553 434 615 thoeanas
454 575 528 634 quae
550 561 659 617 vocant
681 575 746 614 esse
769 561 925 632 excerptas
948 550 998 630 (cf.
1014 555 1098 615 Iabn.
1115 557 1136 615 l.
1151 577 1175 617 c.
1193 576 1223 633 p.
1245 555 1354 617 CLXV
1364 552 1439 633 sq.);

290 656 442 717 Bonuetus
466 656 596 717 enimin
619 655 718 715 codice
740 661 870 715 autnon
893 657 1022 716 inveniri
1045 675 1094 715 eas
1116 663 1168 715 aut
1182 656 1307 716 disiecta
1321 663 1439 715 tantum

291 779 391 820 earum
413 759 546 818 membra
567 756 641 816 mihi
663 757 784 834 scripsit
794 753 814 816 ¹.
919 757 922 764 ’

390 860 449 920 Sed
471 861 548 919 alter
569 858 618 917 hic
640 858 782 917 librarius
804 859 835 917 in
857 857 949 918 schol.
971 859 1007 918 ad
1023 859 1072 918 14
1094 865 1163 937 post
1184 879 1249 921 voa.
1273 861 1438 919 Labeonem

291 963 421 1022 scribere
450 961 546 1020 desiit.
599 959 710 1038 Incipit
730 959 798 1018 inde
820 960 910 1018 tertia
932 979 1035 1018 manus
1058 961 1151 1020 multo
1173 962 1330 1028 recentior,
1362 980 1439 1037 quae

290 1063 349 1124 XV
371 1064 434 1122 fere
461 1062 579 1121 saeculo
608 1062 849 1120 commentarium
874 1061 1036 1138 complevit
1058 1061 1160 1120 eodem
1184 1081 1242 1140 quo
1265 1063 1360 1121 altera
1386 1062 1439 1121 vel

219 1205 223 1213 -
291 1164 382 1222 simili
405 1182 460 1222 usa
483 1162 560 1221 unde
580 1160 762 1220 describeret
786 1159 894 1220 libroi.
938 1161 1149 1221 Interlinearcs
1172 1183 1290 1240 quoque
1318 1163 1439 1238 glossae

290 1263 450 1322 maximam
471 1266 587 1338 partem
608 1261 664 1322 hoc
685 1267 818 1339 tempore
841 1261 958 1321 additae
981 1268 1058 1321 sunt.

391 1492 401 1523 ¹
420 1491 459 1547 Ut
476 1493 634 1547 accuratius
658 1496 794 1563 quatenus
817 1493 885 1547 haec
909 1493 1014 1548 scholia
1039 1511 1101 1548 cum
1120 1493 1211 1548 Iahnii
1237 1493 1358 1548 editione
1384 1494 1436 1548 eis·

291 1597 353 1650 que,
372 1597 443 1648 quae
460 1585 524 1650 post
546 1599 609 1636 eum
627 1581 703 1636 edita
721 1585 787 1634 sunt
805 1600 820 1636 e
839 1582 924 1636 variis
943 1583 1084 1636 codicibus
1103 1583 1340 1651 (praecipuecum
1353 1582 1437 1636 Bern.

289 1685 334 1723 nr.
347 1670 413 1738 6653
435 1669 469 1724 cf.
483 1669 515 1723 Ε.
530 1670 605 1724 Kurz
625 1669 678 1724 Dic
692 1669 924 1725 Persiusscbolieu
943 1671 1013 1724 nach
1033 1671 1087 1724 den
1100 1671 1205 1724 Berner
1219 1670 1437 1725 Handschrisien

290 1757 434 1828 Burgdcrf
446 1759 533 1826 tato),
552 1763 717 1828 congruant,
741 1763 877 1827 quatenus
896 1759 1055 1828 discrepent
1073 1764 1266 1829 cognoscatur,
1285 1759 1438 1828 specimina

290 1845 438 1914 quaedam,
466 1863 537 1914 quae
555 1847 697 1901 Bonuetua
722 1865 830 1900 mecum
855 1848 1079 1916 communicavit,
1108 1847 1161 1902 hoc
1183 1849 1244 1902 loco
1264 1847 1436 1902 adscribam:

289 1933 347 2001 (fol.
369 1934 397 1987 lv
421 1933 505 1988 schol.
530 1933 565 1987 ad
588 1935 659 2003 prol.
678 1954 704 1988 v.
728 1936 754 2002 l)
772 1933 873 2005 Satura
890 1941 930 1990 cet
955 1935 1029 1989 dicta
1052 1951 1080 1990 eo
1105 1936 1178 2003 quod
1200 1936 1330 1990 convictio
1352 1937 1437 2004 plena

289 2027 328 2077 eet
346 2023 371 2078 <b
387 2021 589 2092 tailernion&
614 2022 731 2076 boninu.
769 2023 829 2077 Hoc
848 2023 934 2078 metrii
955 2023 1114 2078 cbariobieic
1135 2022 1230 2078 dicit'.
1267 2023 1326 2078 ideo
1346 2023 1436 2092 au[i]a

290 2110 321 2164 in
340 2109 434 2180 quinto
450 2110 528 2178 p[ede
546 2110 572 2178 a]
591 2111 674 2180 lonae
694 2111 820 2181 inaniat.
857 2112 890 2165 cai
908 2111 993 2178 iacatb;
1018 2111 1049 2165 in
1068 2111 1163 2180 quinto
1180 2111 1246 2180 pede
1265 2128 1283 2165 a
1303 2113 1377 2166 breui
1395 2113 1437 2164 in·

291 2198 386 2268 cipiet.
422 2197 487 2252 Non
508 2198 604 2267 notaui
625 2199 658 2253 de
678 2200 725 2254 illo
747 2200 824 2267 fonte
846 2204 877 2252 ut
897 2205 978 2267 poeta
994 2199 1068 2266 fieri.
1088 2199 1211 2269 accidua
1224 2240 1230 2252 .
1245 2199 1263 2268 .]
1279 2199 1386 2268 potavit
1405 2198 1438 2252 cie

291 2287 338 2340 illo
361 2286 443 2353 fonte.
480 2286 581 2341 Elicon
602 2303 679 2341 mone
704 2292 742 2341 eet
764 2287 851 2372 boetio
874 2286 984 2357 n2a[a]ia
1002 2286 1141 2357 aldeabus.
1179 2285 1292 2340 Pallidi
1311 2285 1439 2356 [pubem

291 2373 361 2429 dicit
386 2373 453 2443 quia
476 2374 598 2442 pallidae
622 2373 691 2440 facit
719 2374 904 2443 meditantes}
933 2373 1047 2428 Porsina
1075 2373 1193 2428 minoda
1222 2373 1342 2428 hesitans
1372 2374 1439 2428 utri

288 2462 382 2532 potius
404 2462 502 2516 militie
528 2479 565 2516 aa
586 2462 691 2531 poetric
713 2463 796 2532 opera
814 2462 993 2518 deuitandi
1011 2462 1160 2532 adamaret
1184 2461 1326 2516 scribendi
1344 2462 1438 2516 anisnis

290 2550 402 2619 inpulit.
419 2565 466 2604 nec
485 2550 551 2605 odeo
569 2552 735 2620 voluptuose.
773 2549 859 2620 (Haec
881 2551 909 2604 in
928 2550 1070 2620 superiore
1089 2550 1216 2620 margine
1234 2550 1339 2619 scripta
1358 2554 1437 2618 suut3

291 2639 321 2692 in
339 2639 452 2692 sinistro
471 2643 565 2694 autem
584 2637 677 2708 haam)
696 2639 750 2693 Hic
767 2639 863 2707 fabulet
881 2639 982 2708 tenuit.
1020 2637 1126 2692 Furens
1141 2655 1190 2692 rea
1206 2638 1280 2705 silias
1299 2643 1353 2692 tues
1377 2653 1437 2706 aor-

290 2742 373 2796 aonea
391 2727 495 2781 babuit.
525 2726 643 2782 Stennio.
667 2727 789 2782 Furiale.
819 2727 945 2781 Medusa.
977 2727 1064 2781 naeu
1084 2725 1149 2780 auti
1167 2724 1295 2794 locuplete
1313 2723 1374 2794 (sic)
1393 2725 1437 2778 ni·

290 2815 350 2869 mis.
386 2813 463 2869 Unde
479 2816 504 2870 <b
520 2830 652 2884 amoenas
670 2815 799 2870 dicantar
820 2815 902 2884 quasi
921 2820 990 2869 tenu
1007 2814 1136 2869 cultrices.
1159 2829 1197 2882 oe.
1224 2813 1271 2868 eni
1285 2793 1342 2868 ‘tia
1360 2814 1438 2882 craia

289 2903 399 2957 cultura
422 2901 456 2956 di
480 2907 532 2957 etc.
571 2901 632 2969 (fol.
652 2906 680 2956 2τ
698 2903 782 2958 schol.
800 2903 835 2958 ad
854 2903 922 2972 112)
947 2901 1032 2957 senze
1056 2901 1118 2971 iperi
1140 2903 1242 2970 annuit.
1273 2901 1344 2970 quael
1367 2902 1438 2956 aciat

289 2989 419 3044 neminen
442 3005 497 3044 eoae
522 2990 570 3058 quai
593 2995 650 3044 taut
670 2991 775 3045 robuste
798 2991 861 3045 uelit
885 2989 991 3044 stuclm
1016 2995 1066 3043 aut
1088 2990 1181 3044 cicera
1219 2989 1292 3058 quoa
1314 2989 1373 3058 ipae
1396 3005 1435 3042 ue·

289 3077 398 3144 linquat
420 3077 544 3132 carmina
568 3094 618 3162 que
638 3079 734 3147 uulnus
758 3079 861 3133 lecturio
884 3095 939 3132 non
962 3078 1007 3132 eit.
1045 3079 1173 3146 qnoniam
1190 3093 1244 3131 non
1262 3083 1327 3132 aunt
1344 3077 1434 3145 culon

289 3163 342 3217 uia.
362 3194 395 3204 -
414 3163 465 3218 Ait
486 3181 548 3234 ereo
574 3181 654 3220 curae
678 3166 791 3221 taurini
815 3166 919 3220 inance.
957 3165 994 3234 ad
1016 3164 1074 3220 sine
1091 3165 1184 3232 fructa
1203 3166 1327 3221 laborare
1346 3164 1433 3220 uelint.

290 3245 342 3322 aab
369 3252 477 3306 minima
504 3253 648 3308 conueniat
676 3255 814 3308 robustum
843 3253 951 3323 inuenio
975 3254 999 3307 ab
1021 3252 1132 3307 libidini
1161 3253 1301 3340 lucerina>
1330 3251 1434 3308 uiuenti.

289 3341 335 3396 aed
362 3341 408 3432 bec
436 3347 533 3412 satyra
561 3342 689 3398 sentitur
717 3343 749 3397 de
775 3342 818 3396 bie
844 3342 892 3411 eui
917 3342 1024 3411 publice
1052 3347 1166 3411 captant
1188 3342 1266 3408 fama
1289 3358 1322 3396 en
1344 3342 1436 3408 fauore

289 3430 453 3499 eloquentiae
473 3431 640 3500 impetitori.
664 3433 688 3486 <b
711 3431 758 3486 boc
780 3433 850 3486 uelut
875 3429 978 3499 dionei
1001 3445 1084 3498 cenas
1107 3430 1138 3483 in
1158 3429 1297 3499 principio
1326 3446 1360 3484 ecc
1376 3445 1437 3498 neu·

289 3533 359 3572 aona
377 3517 575 3589 interroqaatis
593 3519 699 3575 inducit
719 3524 770 3574 etc.

391 3605 515 3674 ²(schcl.
535 3605 602 3660 adI
624 3607 665 3674 4:)
687 3648 692 3659 .
714 3648 720 3660 .
741 3648 747 3661 .
770 3647 776 3660 .
797 3608 927 3664 Labeoni.
953 3612 964 3674 ΙΙ
989 3608 1056 3676 quia
1079 3606 1220 3661 transtulit
1243 3606 1317 3660 labeo
1341 3604 1436 3660 utam-

290 3709 343 3747 ncn
363 3692 388 3746 oi
410 3692 563 3763 odia[ai]an
591 3695 672 3748 neubi
693 3710 727 3749 eu
747 3696 822 3750 uerbo
839 3695 986 3751 ridiculose
1003 3695 1080 3750 onus.
1111 3693 1208 3766 niba
1221 3676 1357 3763 polluci
1379 3710 1437 3748 ecn-

290 3795 338 3834 eua
365 3779 488 3850 coquitur
511 3781 536 3847 (l
559 3787 723 3852 sequuturae
748 3788 786 3837 eat
811 3783 958 3838 Berueusis
979 3784 1051 3851 665).
1080 3783 1139 3837 eius
1165 3797 1257 3836 ceraue
1279 3783 1316 3837 ‘lv
1345 3781 1439 3836 Graan

290 3867 436 3922 usanduces
455 3869 568 3937 priumie
581 3871 719 3939 priumie>
743 3870 927 3940 p[t]s[iuno]c.
974 3871 1069 3941 (schol.
1093 3871 1128 3924 ad
1153 3870 1224 3938 152)
1249 3869 1329 3938 Nune
1351 3870 1382 3922 ui
1406 3858 1439 3923 bt

289 3945 435 4022 aenesius.
463 3956 558 4026 (schol.
578 3958 613 4012 aa
631 3957 697 4028 sa)
717 3955 814 4014 nme
835 3959 934 4013 tamea
954 3959 1014 4014 acca
1030 3959 1118 4026 fuam
1139 3958 1244 4013 cacan.
1263 3957 1302 4011 aa
1324 3939 1436 4010 lause.

291 4041 388 4111 (schol.
408 4043 443 4097 ad
462 4044 475 4097 I
496 4045 552 4114 122)
579 4047 602 4099 Τ
624 4046 679 4100 ilic
702 4047 749 4101 tic
771 4046 910 4101 cacbiuno.
941 4036 974 4124 ,Qi
994 4045 1079 4101 Contu
1101 4044 1234 4100 cacbinu’
1257 4051 1292 4100 νῖν
1322 4044 1356 4098 cel
1377 4059 1437 4099 occe

290 4129 358 4184 ris⁹.
396 4132 447 4200 qut
464 4133 536 4202 araci
555 4133 838 4189 moucraaouuac,
867 4133 952 4188 atcaa
981 4139 1016 4192 Γ.
1035 4133 1159 4204 Quctnor
1177 4131 1282 4202 partib⁹
1302 4133 1375 4187 citer
1393 4132 1434 4186 co-

290 4217 517 4290 tinnunculum.
537 4221 623 4278 corda
638 4223 774 4292 pulmone.
793 4223 862 4290 felle.
882 4239 914 4278 ea
931 4223 998 4291 abac
1017 4216 1070 4277 aut*
1087 4222 1169 4292 ciana
1188 4261 1194 4274 .
1215 4261 1221 4275 .
1242 4261 1247 4276 .
1268 4260 1275 4273 .
1296 4219 1391 4290 [rinae
1405 4218 1437 4273 de

292 4306 386 4376 opicae.
413 4325 508 4379 sapere
527 4309 560 4365 dc
580 4309 668 4365 corde.
697 4311 787 4364 Irasci
805 4310 837 4364 de
853 4309 921 4376 felle.
949 4311 1055 4364 lactari
1073 4310 1106 4364 de
1120 4310 1252 4377 pulmone.
1282 4305 1433 4363 Petulanti⁹

314 4395 484 4452 'incurioso
508 4413 539 4453 ac
562 4414 661 4468 naono
686 4403 745 4467 ata·
768 4397 950 4452 habundanti.
976 4427 1009 4435 -
1033 4397 1099 4450 Vita
1117 4395 1205 4449 Persii
1224 4397 1253 4449 in
1272 4397 1325 4450 hoc
1342 4394 1434 4449 codice

365 4487 464 4538 exstat.
