3266 4914
499 1080 580 1146 *77⁴

522 1189 560 1247 79
592 1188 676 1264 prius

285 1290 460 1350 tonberum
578 1285 694 1346 scholi

351 1391 445 1449 schol.
481 1421 485 1526 Ι
521 1391 558 1447 81
589 1387 671 1464 prius

575 1485 690 1547 801101.ὅ
743 1497 781 1553 81
799 1495 926 1554 alterum
1290 1565 1294 1572 Ι

817 1595 909 1654 sohol.

262 2056 377 2110 athletae
393 2054 475 2109 oioiis
493 2069 592 2124 aranea
617 2053 793 2108 dissolutione
820 2052 996 2119 omnifariam
1027 2050 1235 2121 annmentiims.
1263 2050 1410 2108 cromerus

262 2143 300 2212 (p.
312 2142 359 2211 84)
377 2142 412 2195 do
430 2142 483 2196 hoo
501 2127 698 2196 commentarii
712 2141 833 2194 Valliani
852 2141 913 2195 loeo
932 2140 1029 2194 multis
1047 2141 1076 2192 in
1095 2139 1177 2194 rebus
1197 2139 1283 2192 falsus
1304 2144 1354 2193 est.

366 2232 373 2262 ¹
394 2229 487 2283 Velle:
507 2229 651 2284 Nieeteria
669 2229 812 2299 sylloleria
834 2233 900 2283 sunt
919 2244 987 2298 quae
1005 2228 1038 2282 ob
1057 2227 1196 2282 uictoriam
1212 2227 1315 2294 fiebant
1333 2232 1358 2282 et
1376 2226 1409 2281 eie

261 2315 328 2370 sollo
345 2315 496 2385 pendentia
512 2316 688 2385 oestobantur
707 2331 775 2386 quae
794 2311 850 2368 ἀπὸ
869 2315 915 2381 τῆς
932 2316 1007 2380 utute
1025 2313 1056 2368 iol
1077 2319 1116 2369 est
1138 2331 1155 2367 a
1178 2314 1296 2369 uictoria
1314 2329 1411 2368 nomen

262 2409 422 2471 traxerunt;
442 2403 476 2458 el.
496 2403 580 2457 eohol.
600 2404 660 2458 ood.
678 2403 755 2458 Voss.
775 2421 816 2456 nr.
839 2405 888 2456 18:
922 2401 1069 2456 nichoteria
1094 2401 1224 2456 dicuntur
1247 2401 1410 2470 philacteria

263 2507 332 2562 oilae
348 2493 492 2560 asstabant
511 2491 609 2546 atletae
627 2492 765 2561 incapite
783 2496 807 2546 et
827 2495 887 2545 erat
905 2490 944 2544 ibi
957 2489 1120 2559 descriptum
1136 2489 1259 2558 quotieas
1272 2489 1408 2544 vicissent.

263 2583 338 2637 Nam
351 2580 444 2635 nioboe
456 2596 530 2650 oreae
540 2579 642 2634 dieitur
654 2579 740 2634 oietus
757 2579 820 2634 ltine
830 2578 942 2633 antelios
953 2578 1076 2633 invictus.
1095 2578 1159 2633 inrle
1171 2577 1251 2631 etiarn
1260 2579 1408 2635 niobeteria

260 2669 292 2722 in
311 2669 409 2736 quitus
426 2667 554 2724 victoriae
571 2673 635 2721 sunt
652 2667 778 2737 scriptae,
798 2671 827 2720 et
843 2667 927 2736 gloss.
947 2665 1047 2720 Perie:
1069 2664 1210 2720 Nioeteria
1228 2666 1370 2732 filacteria.

362 2758 373 2788 ²
387 2755 480 2810 Valle:
498 2755 753 2823 Viscera—futuri.
766 2756 807 2810 ito
819 2770 847 2809 se
858 2754 950 2823 inquit
959 2755 1086 2823 inyerunt
1096 2753 1153 2808 suis
1163 2754 1270 2808 artibus
1283 2760 1314 2808 ut
1326 2755 1408 2810 etiam

262 2861 290 2899 so
317 2843 423 2899 laedes
450 2846 559 2911 futuros
578 2844 761 2910 arbitrentur‚·
796 2842 832 2897 ol.
851 2842 935 2896 schol.
955 2842 1014 2896 ood.
1034 2841 1110 2895 Voss.
1141 2861 1182 2896 nr.
1213 2845 1261 2896 ts:
1288 2843 1406 2898 oisemo:

262 2931 308 2987 Sia
333 2931 424 3000 inarsit
447 2947 474 2986 se
497 2932 667 3001 inaesserunt
698 2937 723 2986 et
748 2931 857 2986 intimos
887 2932 1008 2998 fecerant
1038 2929 1149 2984 alimute
1175 2930 1345 2986 aduenientes
1375 2937 1407 2987 ul

258 3035 311 3089 per
328 3019 462 3072 auxilium
480 3025 667 3074 matronarum
686 3035 746 3072 eunt
765 3020 861 3088 quibus
879 3023 972 3073 meunt
990 3023 1103 3087 sperant
1121 3034 1148 3072 se
1167 3019 1225 3085 fore
1243 3019 1359 3074 laedes.

363 3105 374 3136 ³
392 3106 488 3160 Vella:
506 3107 584 3161 Isaeo
603 3107 757 3161 torrentior.
776 3107 867 3160 isasm
885 3107 975 3161 rbetor
993 3106 1049 3172 fan
1058 3105 1240 3161 atheniensis:
1259 3112 1290 3160 ut
1301 3107 1406 3162 Probus

262 3193 354 3262 inquit
376 3195 452 3248 illins
474 3194 599 3262 ternparis
623 3193 668 3262 (of.
687 3193 771 3248 sohel.
797 3194 856 3248 eod.
886 3193 961 3248 Leid.
987 3193 1055 3246 bibl.
1078 3194 1156 3262 publ.
1179 3211 1222 3247 nr.
1246 3195 1294 3248 82:
1332 3194 1405 3249 Issi.-

262 3283 340 3337 Isons
357 3284 446 3338 rethor
464 3283 520 3351 fuit
538 3283 703 3339 atheniensis
721 3283 797 3337 illius
814 3283 961 3352 temporis.)
981 3283 1058 3336 ouius
1077 3287 1102 3336 et
1120 3281 1275 3350 tranquilus
1288 3282 1407 3336 meminit

263 3388 286 3424 e.
307 3387 332 3438 q.
352 3389 386 3438 s.;
408 3370 442 3426 of.
462 3371 552 3426 Iahnii
571 3372 607 3426 ed
625 3371 651 3426 h.
670 3371 687 3424 l.
708 3371 925 3438 adnotationem,
944 3370 988 3425 oui
1007 3370 1036 3422 id
1055 3369 1230 3424 adiciendum
1250 3375 1292 3424 eei
1307 3371 1408 3424 menti·

262 3476 343 3512 onem
363 3463 438 3513 serie
456 3459 540 3513 Plinii
560 3461 589 3512 in
607 3460 700 3514 Probo
719 3476 768 3513 suo
787 3458 896 3514 Vellem
916 3459 1062 3524 invenisse,
1086 3458 1151 3512 lieet
1170 3458 1261 3526 ipsum
1280 3459 1372 3512 locum
1391 3476 1406 3513 e

262 3546 347 3599 Plinii
366 3548 499 3615 exemplis
518 3548 659 3616 impressis
679 3549 865 3616 desoripserit.
888 3547 998 3601 Glossee
1022 3546 1198 3600 Nicaeenses:
1222 3547 1300 3600 Iseus
1320 3547 1406 3601 daolo-

264 3639 353 3688 motor
368 3635 424 3700 fuit
444 3635 546 3690 Romae
563 3635 751 3698 admirandus,
770 3636 802 3690 rie
821 3652 872 3704 quo
891 3634 1002 3692 Plinius
1021 3649 1101 3702 nepos
1118 3634 1150 3688 in
1167 3635 1294 3702 epistolis.

364 3725 374 3756 ⁴
393 3721 486 3776 Velle:
505 3723 708 3778 Schoenobates.
729 3725 776 3792 qui
790 3741 841 3794 per
859 3725 938 3790 fimes
957 3723 987 3776 id
1006 3723 1070 3792 (leg.
1089 3723 1122 3788 it)
1142 3728 1263 3778 extensos
1280 3723 1403 3778 ludibun-

263 3809 322 3863 dus.
342 3825 360 3862 a
377 3809 499 3864 schoenos
516 3811 594 3877 funis
612 3817 636 3866 et
655 3813 739 3866 batto:
761 3811 832 3880 quool
847 3811 986 3880 poetieam
1004 3811 1110 3865 verbnm
1130 3811 1231 3866 scando
1251 3812 1405 3881 stanislaum

263 3897 298 3952 of.
318 3897 402 3951 sohol.
422 3897 480 3952 ood.
500 3897 577 3952 Voss.
597 3917 639 3952 nr.
659 3901 708 3953 18:
728 3901 877 3954 scenobates
896 3906 933 3953 est
951 3899 1136 3964 funambulus.
1154 3916 1219 3953 nam
1229 3915 1320 3954 scenos
1327 3899 1406 3966 funis

263 3985 341 4040 botin
359 3985 472 4054 orantus,
491 3990 519 4040 et
536 3987 619 4056 gloss.
632 3987 786 4042 Nicaeenm
806 3987 1099 4055 schoenobatesyraooe,
1118 3986 1201 4041 latine
1212 3987 1406 4054 semianimus,

263 4089 327 4127 nom
346 4079 457 4142 σχοῖνος
473 4074 559 4140 funis,
577 4069 659 4141 βάτης
677 4077 829 4140 ambulans,
846 4076 890 4130 ille
908 4081 947 4129 est
967 4075 1014 4144 qui
1032 4090 1120 4144 supra
1136 4075 1216 4142 funes
1234 4077 1361 4130 amberlat.

364 4159 486 4215 ⁵llalle:
505 4162 552 4216 Aa
572 4178 715 4217 summam:
743 4165 782 4218 art
796 4169 971 4232 postremum.
1001 4181 1035 4218 ne
1057 4179 1137 4232 vaqer
1155 4162 1260 4231 bnans
1286 4167 1351 4232 ete;
1370 4163 1406 4218 of.

263 4249 347 4319 gloss.
367 4248 459 4302 interl.
479 4249 538 4304 eod.
557 4250 635 4304 Leid.
661 4252 728 4305 bibl.
748 4253 824 4321 publ.
844 4270 886 4305 nr.
906 4253 956 4304 82:
985 4251 1032 4306 Aa
1050 4267 1193 4307 summunt
1223 4252 1260 4306 uel
1282 4251 1405 4306 ultimum

262 4337 302 4391 oet
317 4341 493 4404 postremum.
512 4344 625 4408 uenerat
643 4339 775 4394 lenitatem
792 4355 939 4410 oreoornm.
965 4340 998 4393 ln
1016 4340 1121 4394 scholio
1140 4340 1293 4394 Pithoeono
1313 4341 1404 4410 legen·

264 4423 331 4477 dum
349 4424 418 4476 mihi
438 4425 563 4480 videtur:
582 4443 658 4483 omne
675 4433 706 4481 ut
724 4428 780 4482 iam
797 4428 892 4482 dicam.

365 4509 376 4539 ⁶
391 4509 483 4566 Valla:
496 4513 604 4567 Horum
612 4516 798 4585 —oonoltytia
810 4515 925 4569 ostrinos
934 4518 1033 4572 colores
1043 4522 1142 4585 etquos
1154 4533 1269 4571 romana
1278 4514 1407 4570 modestia
