3250 4914
790 279 824 332 23

236 459 369 536 satisque
390 456 483 516 ubera
506 455 620 515 scholia
634 460 754 531 praesto
777 455 870 514 fnisse
892 471 1012 512 necesse
1032 458 1086 512 est.
1121 451 1254 520 Quorum
1272 458 1379 528 tamen,

234 559 260 617 si
290 557 517 616 incertissimam
539 555 605 614 Iani
627 555 782 614 Parrhasii
813 554 849 612 dc
871 554 963 612 Probi
986 552 1138 612 cuiusdam
1169 554 1379 614 commentario

233 658 410 718 mentionem
433 652 482 731 (de
504 657 594 715 rebus
617 674 671 731 per
693 654 851 732 epistolam
874 653 1027 730 quaesitis,
1056 672 1101 729 ep.
1124 653 1161 714 V.
1184 658 1206 712 t.
1229 653 1245 710 I
1266 673 1295 729 p.
1321 653 1379 712 735

233 755 356 817 Gruteri
385 756 474 832 lamp.
502 757 539 814 of.
562 755 647 814 Iahn.
674 755 763 830 proll.
791 755 828 812 ad
849 753 932 812 Pers.
959 774 989 829 p.
1013 752 1124 814 CLVII
1146 749 1205 830 sq.)
1238 753 1379 829 excipies,

204 843 209 854 ’
233 856 321 916 hodie
351 875 405 914 nec
436 855 507 916 vola
531 874 585 914 uec
614 856 775 930 vestigium
809 859 941 932 apparet.
990 853 1101 912 Nostra
1134 858 1233 911 autem
1266 851 1380 912 scholia

233 977 303 1015 num
325 955 393 1014 inde
415 954 589 1032 deprompta
610 956 677 1030 siut,
701 955 753 1014 alii
777 955 923 1014 doctiores
946 953 1081 1024 videant;
1103 953 1134 1010 id
1157 953 1253 1012 solum
1275 971 1379 1012 moneo

233 1075 323 1116 unum
346 1075 383 1114 ex
405 1055 452 1114 his
473 1055 595 1114 scholiis
620 1050 670 1129 (ad
693 1055 743 1114 III
766 1050 818 1129 37)
842 1054 1024 1114 adverbum
1049 1054 1111 1112 fere
1135 1054 1292 1113 convenire
1315 1073 1381 1112 oum

234 1155 412 1216 Cornutiano
435 1153 531 1228 (Iahn.
552 1155 636 1224 Pers.
658 1176 687 1231 p.
705 1151 788 1229 299).
832 1153 968 1214 Ceterum
991 1173 1088 1213 sermo
1110 1153 1216 1213 horum
1237 1154 1380 1230 interpre-

233 1261 430 1316 tamentorum
452 1257 599 1332 pessimus
622 1256 681 1314 ima
702 1255 874 1314 Latinitatis
897 1260 1032 1330 tempora
1054 1250 1197 1314 redolet¹.

330 1359 358 1416 4.
403 1357 476 1416 Inde
498 1375 516 1414 a
538 1375 606 1432 pag.
630 1357 672 1414 40
698 1355 804 1430 incipit
834 1355 1006 1430 integerin
1029 1354 1203 1416 Iuvenalem
1235 1371 1379 1414 commen·

167 1509 171 1514 .
232 1457 335 1528 tarius,
365 1458 417 1534 qui
438 1475 533 1533 usque
559 1455 705 1514 adfinem
729 1455 800 1514 libri
828 1455 1025 1514 continuatur.
1073 1453 1236 1532 Adscripta
1258 1460 1327 1512 sunt
1349 1455 1380 1513 in

233 1556 385 1631 superiore
407 1577 435 1632 p.
458 1558 500 1615 40
526 1557 660 1632 margine
683 1575 770 1614 manu
798 1556 871 1614 satis
898 1556 1010 1614 recenti
1035 1555 1108 1614 haec
1135 1556 1243 1616 verba:
1276 1552 1378 1628 Inotp‘

229 1646 298 1730 qu?
321 1649 480 1717 sauzeto.
523 1656 625 1714 Prima
649 1657 742 1714 totius
770 1657 929 1714 commenti
950 1655 1052 1714 littera
1075 1653 1095 1714 S
1122 1655 1232 1714 omissa
1260 1662 1313 1727 est,
1346 1662 1381 1714 ut

231 1761 336 1831 postea
357 1755 523 1831 elegantius
546 1757 734 1832 pingeretur3
759 1756 837 1832 quod
859 1760 961 1813 tamen
982 1775 1040 1814 non
1063 1755 1250 1814 estfactum.
1289 1753 1381 1815 Scho-

232 1855 274 1912 lia
295 1855 432 1913 oontinua
462 1857 538 1914 serie
564 1855 655 1914 nullis
677 1855 846 1914 intervallis
870 1857 981 1933 scripta
1004 1862 1088 1929 sunt3
1122 1856 1174 1916 sed
1195 1855 1380 1915 uniuscuius-

233 1973 289 2030 que
316 1954 423 2014 scholii
444 1955 546 2014 littera
567 1956 664 2031 prima
687 1955 813 2016 uncialis
837 1973 902 2014 esse
925 1956 1014 2024 solet;
1040 1956 1137 2032 qualis
1159 1961 1258 2014 tamen
1279 1957 1381 2016 littera

231 2054 380 2114 interdum
405 2060 468 2112 tum
494 2074 612 2133 quoque
640 2055 774 2114 adhibita
805 2061 865 2128 est,
901 2075 966 2113 cnm
995 2057 1026 2114 in
1055 2055 1157 2115 eodem
1187 2055 1300 2116 scholio
1330 2076 1379 2116 no·

232 2174 304 2213 vum
325 2155 430 2230 incipit
458 2157 650 2214 enuntiatum.
695 2155 777 2214 Haeo
807 2154 921 2214 scholia
945 2156 1008 2214 sine
1031 2155 1120 2214 dnbio
1143 2174 1158 2213 e
1181 2154 1280 2214 codice
1308 2155 1380 2214 olim

232 2251 423 2330 sangallensi
450 2254 477 2312 D
501 2256 562 2314 304
589 2275 666 2314 nunc
703 2255 857 2332 deperdito
893 2255 1042 2332 descripta
1077 2273 1142 2316 esse
1174 2262 1263 2334 atque
1297 2276 1380 2316 accu-

232 2355 382 2413 ratissime
412 2355 570 2416 convenire
604 2375 669 2414 oum
696 2355 806 2416 codicis
830 2355 1085 2432 Montepessulani
1113 2357 1172 2415 125
1204 2358 1379 2434 interpreta-

334 2617 344 2650 ¹
364 2617 392 2670 Si
411 2618 472 2688 quis
491 2617 647 2673 accuratius
666 2617 766 2672 horum
785 2617 953 2672 scholiorum
979 2634 1143 2680 sermonem,
1172 2619 1380 2674 enuntiatorum

232 2707 397 2776 structuras,
411 2706 626 2776 participiorum
641 2723 730 2774 usum,
749 2706 950 2760 sententiarum
964 2707 1197 2776 coniunctionem,
1217 2708 1381 2776 locutiones,

233 2793 369 2848 vocabula
386 2795 613 2862 consideraverit,
632 2793 658 2847 ei
676 2795 706 2846 iu
724 2798 844 2848 mentem
863 2794 958 2847 veniat
976 2811 1085 2848 necesse
1104 2798 1146 2848 est
1164 2794 1233 2848 haec
1249 2795 1380 2863 primitus

233 2881 339 2935 Graeca
361 2881 457 2951 lingua
482 2881 567 2935 fuisse
590 2881 746 2950 conscripta
770 2885 799 2935 et
816 2885 912 2950 postea
932 2882 967 2936 ab
988 2882 1099 2936 homine
1117 2881 1193 2936 haud
1210 2883 1251 2936 ita
1270 2883 1379 2937 erudito

232 2969 261 3022 in
279 2968 411 3023 Latinam
428 2985 522 3037 versa;
552 2985 574 3047 e.
594 2987 621 3040 g.
639 2986 698 3024 voc.
717 2965 874 3038 ‘pacificus’
905 2985 961 3023 non
987 2972 1046 3023 tani
1066 2969 1200 3024 Latinum
1226 2987 1380 3026 sermonem

231 3056 348 3124 redolet,
366 3073 450 3125 quam
463 3057 612 3126 Graecum;
633 3056 668 3112 cl.
681 3057 864 3126 Stephanum,
876 3057 1046 3126 Labbaeum,
1060 3057 1222 3112 Passovium
1240 3058 1291 3111 sub
1304 3075 1380 3112 voco.

231 3139 364 3214 εἰρηνικός
385 3149 414 3199 et
439 3139 622 3216 slpqvonoro'ss
653 3163 679 3199 v.
703 3146 789 3198 etiam
807 3145 930 3199 Irabbaei
954 3146 1086 3215 glossam:
1106 3148 1306 3214 κατατέτακται,
1325 3146 1379 3200 De·

230 3237 356 3301 putatur.
402 3232 519 3286 Accedit
547 3262 579 3270 -
608 3236 641 3285 ut
670 3232 854 3286 Buechelerus
883 3250 928 3286 me
956 3231 1117 3286 monuit-
1138 3231 1212 3300 qnod
1239 3231 1307 3286 haec
1336 3249 1380 3287 res

232 3317 336 3387 optime
346 3319 381 3373 ad
394 3319 549 3374 studiorum
563 3319 766 3374 litterariorum
779 3319 985 3375 vicissitudines
1005 3319 1139 3388 quadrat;
1159 3319 1286 3388 Byzantii
1305 3319 1379 3374 enim

233 3406 339 3460 soboba
356 3407 498 3475 Parsiana,
518 3407 683 3475 quibuscum
703 3407 820 3462 Cornuti
839 3411 1025 3464 conunentum
1046 3406 1140 3460 nescio
1159 3407 1314 3475 quomodo
1334 3425 1377 3462 oo·

234 3493 355 3562 haereat,
383 3495 440 3548 iam
466 3499 545 3548 sexto
571 3512 597 3564 p.
618 3494 679 3548 Chr.
699 3513 727 3548 n.
744 3495 854 3549 saeculo
879 3495 951 3549 lecta
976 3511 1035 3548 esse
1061 3494 1114 3548 hoc
1137 3495 1312 3548 luculentum
1339 3499 1398 3548 est'

172 3587 175 3597 '
232 3581 375 3647 indicium,
396 3581 471 3650 quod
489 3582 607 3636 Ioannes
625 3582 719 3650 Lydus
739 3581 774 3636 de
791 3581 917 3652 magistr.
938 3581 1018 3636 Rom.
1031 3581 1088 3635 132
1108 3581 1233 3636 Persium
1251 3600 1380 3638 narrasse

231 3669 376 3726 contendit
395 3669 529 3723 Serenum
547 3670 716 3724 dictatorem
734 3669 770 3724 ab
789 3673 885 3724 aratro
904 3669 1050 3738 bubusque
1068 3669 1105 3723 ad
1122 3669 1311 3724 Romanorum
1329 3671 1380 3725 im-

232 3759 342 3828 perium
361 3758 523 3812 arcessitum
542 3774 608 3812 esse.
645 3757 722 3824 Quae
741 3757 828 3812 verba
846 3761 973 3826 spectant
992 3757 1028 3812 ad
1047 3758 1122 3812 Pers.
1142 3759 1213 3812 173:
1235 3762 1264 3812 at
1282 3759 1328 3814 hic
1345 3759 1380 3813 do

232 3845 351 3900 Serrano
378 3845 461 3899 nihil:
482 3845 628 3912 Quintium
646 3844 678 3915 (1)
695 3845 815 3898 Atilium
834 3844 983 3899 Serranum
1010 3846 1177 3900 dictatorem
1198 3847 1259 3914 quis
1281 3847 1380 3902 novit?

231 3935 266 3986 de
285 3934 313 3987 C.
325 3934 369 3987 vel
382 3934 419 3986 M.
431 3934 517 3988 Atilio
539 3935 652 3988 consule
671 3934 728 3986 tale
748 3932 815 4002 quid
833 3933 925 3988 nescio
945 3950 1000 4002 quo
1018 3934 1079 3988 iure
1097 3938 1229 3987 narratur
1248 3932 1295 4001 (cf.
1306 3934 1379 3988 Plin.

231 4038 257 4072 n.
271 4021 298 4074 h.
317 4020 410 4074 XVIII
421 4024 446 4074 3.
466 4021 520 4076 Cic.
533 4039 585 4090 pro
598 4021 660 4075 Sex.
674 4019 775 4074 Roscio
790 4019 883 4074 XVIII
894 4023 929 4074 50
948 4025 976 4076 et
994 4022 1079 4075 schol.
1091 4021 1212 4076 Gronov.
1230 4039 1257 4090 p.
1268 4021 1319 4076 431
1332 4021 1379 4078 Or.

231 4107 293 4161 Val.
315 4108 389 4162 Max.
414 4109 455 4162 IV
477 4113 504 4176 4,
528 4111 569 4178 5);
608 4109 718 4162 Persius
742 4125 808 4162 vero
835 4113 932 4176 aperte
957 4109 990 4162 L.
1018 4108 1163 4177 Quintium
1188 4109 1381 4164 Cincinnatum

233 4195 303 4250 dicit
329 4195 376 4259 (cl.
395 4195 472 4250 lahn.
492 4197 566 4250 Pers.
585 4213 612 4265 p.
631 4198 686 4264 98).
723 4197 762 4248 At
791 4195 855 4250 vide
884 4196 1002 4266 scholia:
1030 4215 1065 4251 eu
1089 4195 1234 4263 Quintium
1260 4197 1380 4252 Atilium

234 4281 384 4338 Serranum
402 4283 569 4338 dictatorem
596 4284 758 4352 (subustum
778 4300 812 4338 ex
829 4301 912 4338 versu
937 4284 985 4352 qui
1010 4284 1165 4354 adscriptus
1185 4289 1235 4352 est,
1262 4284 1380 4356 Vergilii

231 4371 301 4425 Aen.
312 4371 351 4424 VI
363 4371 437 4440 844),
456 4388 491 4426 sn
511 4372 625 4440 fontem,
645 4372 718 4426 unde
735 4371 853 4426 Ioannes
863 4371 958 4442 Lydus
976 4373 1076 4426 falsam
1089 4373 1143 4427 loci
1154 4372 1280 4428 Persiani
1294 4374 1379 4428 inter-

231 4459 418 4528 pretationem
436 4458 535 4512 hausit.
