3266 4914
798 308 834 360 50

770 583 828 642 198
841 581 849 621 ¹

489 685 548 742 199
559 689 669 742 utrum·

487 803 545 861 que
557 780 671 844 sobol.²

480 881 560 942 200Β

342 2211 352 2242 ¹
370 2209 465 2264 Vella:
484 2212 545 2266 Iam
563 2210 666 2278 friuolo
684 2211 824 2278 transfert.
844 2212 1030 2282 supeltectilem
1047 2212 1179 2283 pauperis
1190 2211 1294 2267 iudicat
1307 2213 1386 2268 euius

240 2295 318 2352 arou
338 2296 441 2353 domus.

342 2383 462 2440 ²Valle:
488 2387 628 2456 Ucaleooo.
656 2388 751 2443 allusit
779 2388 816 2442 aal
842 2388 920 2443 oliui
943 2389 1141 2458 Virailiauum:
1161 2389 1218 2443 iam
1241 2387 1386 2458 praeimus

240 2474 316 2528 arolet
340 2473 473 2544 Ucaleoou
475 2514 639 2529 .......
659 2474 794 2530 Tabulata
813 2475 869 2530 tibi.
887 2475 1032 2545 superiora
1050 2481 1127 2532 tecta.
1146 2481 1196 2530 out
1214 2481 1282 2532 eerte
1300 2475 1383 2532 couti·

237 2562 380 2632 arabimus
396 2561 548 2630 superiores
566 2561 633 2616 elisit
651 2566 703 2616 eto.

339 2651 350 2684 ³
370 2650 463 2706 Vella:
485 2649 558 2705 Nam
575 2649 601 2704 si
617 2649 746 2720 aradibus
764 2650 920 2720 trepidatur
938 2653 972 2706 ab
990 2652 1062 2706 imus.
1087 2653 1114 2706 si
1132 2652 1266 2720 oprimis
1283 2651 1384 2706 sobolis

239 2739 314 2807 iouis
332 2744 464 2808 evaporet.
493 2769 526 2779 -
555 2740 588 2793 In
607 2739 690 2794 schol.
707 2739 781 2794 Pith.
801 2757 864 2794 oum
883 2739 1026 2810 Sohopeno
1045 2741 1192 2811 legendum
1212 2744 1266 2794 esi:
1289 2739 1321 2793 iet
1344 2744 1383 2792 est

238 2826 265 2879 si
283 2841 301 2879 a
316 2826 408 2894 prima
426 2831 479 2882 oto.

339 2912 462 2967 *Valls2
488 2913 605 2970 Ultimus
624 2945 656 2954 -
676 2920 773 2970 tuetur.
793 2915 859 2984 quia
878 2915 967 2984 iuquit
987 2915 1094 2970 Probus
1109 2916 1229 2984 parietes
1243 2915 1310 2970 teuti
1323 2915 1384 2970 rari

238 3005 264 3054 et
281 2999 387 3054 ruiuosi
403 3002 528 3068 posteat.
560 3002 627 3056 Cum
646 3003 789 3071 Sehopeno
810 3002 839 3070 (1.
858 3021 881 3058 e.
900 3020 927 3072 p.
941 3003 1005 3072 957)
1025 3020 1076 3072 pro
1095 2999 1193 3058 ‘leoli’
1213 2999 1313 3069 ‘teoti',
1330 3019 1382 3072 pro

238 3083 375 3156 ‘perflaret'
395 3085 565 3157 ‘perpluuut'
587 3090 743 3160 legendum.

339 3176 350 3206 ⁶
370 3173 459 3229 Vella:
481 3175 605 3231 Procula
620 3177 702 3246 parui
720 3177 841 3246 eorporis
859 3177 954 3233 mulier
972 3183 997 3233 et
1018 3195 1095 3233 mauu
1106 3177 1169 3244 fuit.
1190 3177 1301 3246 quibam
1313 3177 1382 3232 bane

238 3262 353 3318 eiusdem
371 3263 447 3320 codri
465 3279 575 3319 uotorum
592 3265 677 3332 fuisse
695 3266 779 3319 aiuut.
818 3264 858 3318 Of.
879 3265 963 3320 schol.
982 3266 1043 3322 eod.
1062 3266 1139 3320 Voss.
1158 3268 1261 3320 nr.18:
1282 3264 1382 3322 cebro:

239 3351 345 3406 Ooolrus
363 3357 448 3420 poeto
471 3369 562 3408 rausa
581 3359 607 3409 et
623 3371 693 3410 uuor
712 3355 769 3410 eius
784 3354 900 3424 procula
918 3371 995 3410 uarro
1012 3355 1137 3410 similiter
1154 3353 1202 3408 seel
1220 3353 1279 3424 ipse
1295 3353 1383 3408 miuor

238 3445 298 3494 erat
314 3455 397 3494 auore
415 3481 444 3494 ..
467 3481 473 3495 .
494 3481 500 3494 .
522 3483 528 3496 .
898 3441 904 3456 '

340 3530 461 3586 ⁶Vs11a:
483 3530 678 3586 Ornamentum
696 3531 780 3585 abaci.
806 3546 891 3599 aeuus
907 3531 963 3599 suit
980 3530 1071 3599 iuquit
1090 3531 1196 3586 Probus
1213 3529 1383 3599 supellectilis

236 3634 288 3687 pro
309 3617 360 3683 (sie
378 3618 463 3687 ipsius
487 3618 582 3673 Valles
600 3618 700 3688 editio)
717 3635 789 3672 uuua
807 3635 926 3673 memsam
944 3617 1094 3688 delpbieam
1113 3617 1236 3674 elicimus.
1255 3616 1295 3671 sie
1312 3616 1382 3670 euim

237 3710 338 3760 veteres
355 3721 474 3761 mousom
492 3722 668 3760 marmoream
686 3707 856 3761 uomiuaoere
874 3709 924 3760 etc.
944 3705 1015 3760 Sane
1033 3705 1063 3758 in
1081 3705 1203 3760 editione
1223 3703 1382 3758 Norimber-

153 3853 156 3859 ,
237 3793 316 3862 gensi
335 3793 397 3862 (per
414 3795 449 3847 A.
468 3793 614 3864 Kobergor
632 3793 731 3848 emissa
749 3811 772 3847 a.
795 3793 872 3860 1497)
891 3793 1005 3864 legitur:
1022 3809 1077 3864 pro
1095 3809 1147 3862 quo
1165 3807 1238 3846 uuae
1257 3794 1308 3844 eta.

337 3885 347 3916 ⁷
369 3880 458 3936 Sobel.
477 3881 552 3935 Piih.
572 3882 608 3936 sd
625 3881 652 3934 h.
672 3900 698 3936 v.
718 3882 837 3935 alierum
855 3881 896 3936 ils
914 3881 1091 3937 scribendum
1109 3898 1167 3935 esse
1184 3879 1309 3934 videtur:
1329 3877 1381 3932 Re·

238 3969 339 4024 eubous
360 3969 460 4024 obirou.
479 3969 510 4024 iol
527 3975 567 4026 est
584 3986 603 4024 a
619 3969 768 4039 posteriore
784 3975 864 4038 parte
881 3971 1033 4026 recumberes
1051 3969 1289 4038 hippocentaurus.

338 4057 447 4111 ⁸Valla
478 4057 530 4112 Nil
552 4057 646 4112 babuit
669 4057 775 4113 serlus.
805 4058 1021 4128 autbypopboro.
1059 4053 1381 4112 Of.soh01.ood.voa.

237 4161 279 4196 nr.
303 4145 345 4198 18:
366 4144 419 4198 Nil
435 4144 540 4198 babuit:
562 4145 721 4214 autiposora
738 4145 757 4200 i.
776 4145 918 4200 eoutroria
935 4145 1030 4200 relatio
1050 4183 1164 4199 .....

338 4232 459 4286 ⁹Valla:
488 4231 567 4303 Quod
584 4232 687 4286 uuclum
705 4238 729 4288 et
746 4234 855 4300 frustra
871 4239 1017 4302 roqautem.
1041 4233 1227 4288 barbarismus
1243 4231 1274 4284 iu
1298 4233 1381 4283 metro

291 4320 381 4390 iuquit
403 4322 509 4376 Probus
527 4327 566 4376 eet
582 4335 639 4376 uou
657 4327 689 4376 ut
710 4321 819 4390 quietam
836 4320 1035 4390 leyuotfrusta
1052 4321 1098 4376 sed
1115 4321 1231 4388 frustra.
1268 4317 1382 4372 Rectius

316 4408 447 4463 scholium
463 4410 599 4480 seriptum
617 4414 660 4464 esi
677 4409 707 4462 in
726 4408 785 4463 aod.
806 4409 884 4463 Leid.
903 4409 971 4463 bibl.
990 4409 1067 4478 publ.
1086 4426 1127 4462 nr.
1147 4409 1193 4460 82:
1211 4405 1331 4472 frustra:
1350 4402 1380 4458 si

328 4515 329 4525 ¹
349 4495 458 4563 frustra
480 4498 511 4566 fit
535 4497 719 4553 barbarismus
736 4495 767 4550 iu
786 4501 877 4552 metro.
914 4495 973 4551 Hae
991 4496 1271 4565 interpretamentum
1290 4493 1379 4546 altore
