3266 4914
787 312 820 365 71

230 507 303 550 vero
325 488 496 548 huiusmodi
529 488 644 548 scholia
665 508 681 548 e
706 487 829 549 Cornuti
862 495 1026 549 commento
1059 489 1232 567 deprompta
1265 509 1330 548 esse
1349 495 1379 549 et

230 591 359 649 fortasse
388 608 476 648 manu
506 590 671 667 posteriore
694 589 795 648 addita
816 589 925 649 Vallae
957 590 1035 648 libro
1058 589 1176 651 vilitate
1209 609 1310 648 eorum
1330 589 1377 648 de-

231 694 412 750 monstratur
434 695 524 768 etque
545 689 744 750 multitudine.

331 790 437 850 Restat
460 797 501 864 ut,
538 809 613 868 quae
634 791 799 850 intercedat
820 793 897 851 ratio
925 791 1003 850 inter
1024 792 1144 868 singula
1172 791 1287 850 scholia
1310 796 1378 850 satt.

232 890 291 948 III.
311 890 367 951 IV.
388 890 443 950 VI.
466 890 547 950 VIII
557 890 722 951 Pithoeana
745 897 775 949 et
796 910 830 950 ea
845 892 985 952 Valliana
1007 893 1278 968 interpretamenta,
1304 911 1378 968 quea

232 1011 298 1051 cum
319 991 382 1050 illis
405 991 615 1068 aliquomodo
638 992 825 1065 conveniant,
849 997 1022 1050 statuamus.
1067 991 1168 1069 Atque
1187 992 1236 1052 hio
1259 1011 1377 1069 quoquc

230 1091 309 1151 idem
342 1091 488 1165 videmus
521 1091 599 1169 quod
621 1093 652 1150 in
674 1091 749 1150 locis
780 1111 869 1169 supro
892 1112 921 1169 p.
944 1093 984 1151 36
1004 1093 1152 1152 tractatis:
1187 1092 1379 1151 inveniuntur

233 1193 361 1266 scholia,
405 1211 531 1270 quorum
562 1192 726 1268 particulae
758 1193 830 1250 setis
861 1211 972 1268 graves
1007 1211 1176 1269 novumque
1210 1191 1377 1250 adferentes

231 1292 309 1370 apud
331 1292 452 1354 Vallum
481 1292 698 1366 desiderentnr;
733 1291 878 1352 eiusmodi
906 1293 1178 1369 interpretamentis
1208 1292 1238 1350 in
1266 1292 1378 1350 tabulis

230 1393 342 1453 nostris
365 1391 438 1451 haec
460 1399 531 1452 nota
543 1400 556 1426 ⁰
571 1392 688 1470 adpicta
704 1397 763 1452 est·
784 1393 945 1452 Praeterea
959 1392 1030 1451 addi
1051 1398 1177 1470 possunt
1192 1392 1260 1452 huic
1274 1393 1378 1469 generi

230 1492 359 1568 plurima
388 1511 489 1551 eorum
514 1492 704 1569 scholiorum,
739 1511 815 1570 quae
842 1493 873 1551 in
895 1492 1007 1552 tabulis
1034 1494 1101 1552 istis
1124 1492 1261 1552 colomna
1282 1493 1378 1552 altera

232 1594 427 1653 eontinentur.
479 1592 588 1654 Contra
622 1593 695 1652 talia
727 1613 845 1671 quoque
873 1599 951 1671 sunt,
984 1612 1060 1670 quae
1092 1593 1227 1670 pleniora
1261 1599 1379 1652 exstent

231 1694 308 1771 apud
320 1693 441 1754 Vallem
463 1702 492 1752 et
513 1695 600 1755 novis
621 1695 711 1754 rebus
730 1699 830 1754 aucta:
853 1694 916 1753 illis
930 1693 1097 1771 adscriptus
1113 1699 1158 1752 est
1173 1695 1335 1752 asteriscus
1351 1689 1377 1752 *.

230 1795 331 1854 Pauca
365 1795 501 1872 denique,
536 1795 563 1854 si
584 1814 601 1853 a
626 1795 729 1856 verbis
753 1793 898 1867 discedas,
932 1794 1010 1871 apud
1031 1793 1152 1854 Vallem
1184 1800 1214 1852 et
1242 1795 1273 1852 in
1294 1793 1377 1852 codd.

232 1895 326 1954 Mont.
348 1901 377 1954 et
392 1893 484 1970 Sang.
507 1895 596 1971 plane
618 1895 722 1954 eadem
745 1900 822 1953 sunt.
867 1895 944 1952 Nam
966 1893 1003 1953 de
1024 1895 1127 1954 verbis
1150 1901 1179 1954 et
1199 1895 1378 1954 lectionibus

231 1997 438 2058 Vallianorum
470 1996 507 2054 ad
530 1999 598 2054 cett.
621 1993 680 2053 ΙΙΙ.
704 1994 758 2054 IV.
782 1993 838 2053 VI.
862 1993 942 2054 VIII
972 1995 1301 2070 interpretamentorum
1333 2013 1377 2068 ea,

233 2117 309 2175 quae
330 2118 358 2174 p.
382 2099 421 2156 36
443 2073 580 2170 disserui,
604 2100 739 2172 repetere
761 2094 840 2154 nolo.

330 2198 374 2258 Ut
394 2197 488 2274 igitur
501 2199 560 2256 iam
574 2196 677 2273 paucis
693 2200 827 2254 nostram
843 2195 879 2254 de
891 2195 998 2254 Vallae
1012 2195 1091 2254 libro
1107 2195 1283 2254 sententiam
1301 2213 1377 2254 com·

231 2297 462 2375 prehendamus:
478 2298 508 2356 in
524 2296 579 2357 hoc
594 2296 693 2356 codice
708 2296 860 2356 Iuvenalis
876 2296 987 2356 saturis
1002 2295 1151 2372 adscripto
1166 2300 1251 2354 erant
1265 2294 1378 2354 scholia

231 2400 315 2458 initio
338 2399 588 2476 frequentissime,
622 2397 727 2458 deinde
749 2397 939 2472 rarescentia,
970 2398 1001 2456 in
1022 2416 1112 2458 versu
1137 2397 1196 2455 198
1220 2401 1275 2456 sat.
1298 2396 1378 2456 VIII

231 2501 320 2576 plane
342 2499 518 2558 deficientia.
559 2499 743 2576 Deprompta
762 2503 861 2558 autem
884 2503 968 2558 erant
989 2499 1102 2574 primae
1123 2503 1156 2557 ut
1178 2498 1298 2558 videtur
1318 2519 1377 2557 me-

231 2595 296 2658 nus'
310 2599 423 2659 scholia
443 2619 481 2658 ex
501 2599 623 2676 antiquo
646 2599 700 2658 illo
723 2600 932 2658 commentario
956 2598 1067 2657 saeculi
1090 2599 1198 2676 quarti,
1222 2618 1237 2658 e
1254 2618 1311 2675 quo
1327 2599 1377 2658 Pi-

231 2699 358 2759 thoeana
380 2698 494 2758 scholia
527 2705 667 2775 excerpta
690 2703 760 2756 sunt
788 2698 825 2756 eb
848 2699 907 2757 alio
930 2698 1068 2771 homine;
1105 2718 1163 2776 quo
1191 2699 1376 2772 factumest,

231 2805 265 2857 ut
292 2805 321 2856 et
350 2799 545 2858 eProbianis
580 2798 724 2876 quaedem
752 2800 783 2856 in
805 2799 978 2858 Pithoeanis
1012 2805 1042 2857 et
1068 2818 1084 2857 e
1106 2799 1280 2858 Pithoeanis
1307 2819 1377 2858 ncn-

230 2901 314 2958 nulla
334 2899 531 2976 apudVallae
552 2900 685 2959 Probum
706 2899 921 2960 desiderentur.
945 2899 1054 2958 Postea
1076 2919 1148 2960 vero
1170 2901 1299 2959 fortasse
1318 2899 1378 2958 alia

231 3019 320 3059 manu
342 3000 460 3059 additae
483 3019 683 3077 supervenere
705 3000 825 3076 glossae
855 3005 943 3078 atque
976 2998 1090 3059 scholia
1111 3000 1268 3060 deterioris
1289 3005 1377 3059 notae

231 3099 405 3178 deprompta
433 3119 448 3158 e
478 3099 599 3160 Cornuti
629 3101 838 3160 commentario
865 3099 944 3159 haud
971 3120 1074 3178 pauca.
1119 3101 1168 3159 Ad
1197 3101 1378 3160 emendanda

232 3207 330 3260 autem
351 3201 517 3261 Pithoeana
540 3201 654 3260 scholia
677 3203 791 3279 siquis
821 3201 894 3260 haee
915 3201 1022 3261 Vallae
1045 3203 1307 3278 interpretamenta
1328 3201 1377 3260 ad·

230 3300 381 3360 bibiturus
396 3308 450 3376 est,
474 3322 588 3362 summe
610 3322 684 3380 opus
709 3308 754 3362 est
774 3303 909 3361 cautione
930 3307 1054 3379 propter
1075 3303 1226 3361 licentiam
1248 3304 1376 3362 maxime

230 3401 338 3462 Vallae
369 3403 499 3462 nimiam.
543 3403 625 3461 Haeo
654 3403 680 3462 si
709 3402 929 3479 comparaveris
957 3421 1023 3460 cum
1058 3403 1115 3476 eis,
1151 3421 1227 3478 quae
1255 3402 1376 3462 Iahnius

229 3503 318 3579 proll.
341 3503 378 3561 ad
401 3503 484 3562 Pers.
507 3523 536 3579 p.
560 3501 655 3562 cLVI
677 3503 713 3561 de
734 3503 826 3562 Probi
848 3501 971 3562 scholiis
993 3503 1114 3581 iudicat,
1148 3522 1202 3562 nos
1225 3502 1304 3560 haud
1328 3502 1376 3561 ad-

231 3602 350 3662 modum
372 3604 409 3662 ab
433 3622 467 3662 eo
490 3603 648 3662 dissentire
670 3603 797 3664 videbis.

231 3877 379 3934 Leidenses
398 3885 507 3936 tantum
527 3882 633 3936 codices
651 3883 827 3954 inrepserint.
864 3884 897 3938 Id
918 3903 984 3940 vcro
1003 3886 1170 3940 contendere
1188 3887 1253 3940 licet
1272 3885 1306 3953 ei,
1326 3885 1374 3954 qui

231 3967 387 4022 Pithoeana
414 3970 520 4024 scholia
548 3971 639 4024 denuo
667 3971 792 4025 editurus
820 3973 865 4040 sit,
894 3991 950 4026 non
973 3973 1159 4044 neglegendos
1183 3990 1241 4027 esse
1269 3973 1376 4028 codices

187 4053 189 4059 '
231 4072 321 4122 neque
346 4053 494 4110 Leidenses
522 4057 570 4111 hos
594 4075 683 4126 neque
705 4059 774 4112 alios
798 4060 865 4113 satis
891 4061 993 4114 multos
1021 4065 1053 4114 ut
1071 4061 1192 4130 videtur,
1222 4061 1250 4114 in
1276 4061 1375 4129 quibus

232 4143 347 4208 Cornuti
377 4145 421 4198 vel
448 4145 533 4198 simili
562 4151 717 4200 commento
746 4147 872 4201 admixta
895 4152 960 4202 sunt
981 4149 1085 4203 scholia
1103 4151 1275 4217 antiquiora3
1306 4166 1328 4202 e.
1347 4167 1375 4217 g.

230 4231 344 4283 nomino
371 4231 431 4285 cod.
456 4230 613 4286 Gudianum
635 4234 765 4288 biblioth.
787 4234 1021 4304 Guelferbytanae
1044 4253 1086 4290 nr.
1108 4237 1158 4288 156
1175 4235 1203 4298 i..
1222 4236 1257 4289 de
1275 4253 1329 4303 quo
1347 4253 1374 4290 v·

232 4315 328 4384 Leipz.
347 4317 555 4372 Literaturzeit.
579 4339 606 4374 a.
629 4321 698 4375 1830
719 4340 746 4391 p.
770 4324 838 4376 2192
863 4322 909 4390 (ci.
935 4323 1017 4376 huius
1039 4323 1106 4376 libri
1128 4323 1212 4378 schol.
1231 4323 1267 4376 ad
1289 4323 1301 4376 1
1320 4323 1362 4375 39*

230 4408 260 4458 et
283 4404 342 4458 cod.
366 4405 525 4460 Palatinum
545 4405 710 4464 Vaticanum
734 4427 776 4464 nr.
799 4412 865 4464 1701
885 4410 933 4466 fol.
959 4427 1028 4465 saec.
1046 4409 1080 4480 X,
1105 4410 1139 4464 de
1163 4428 1218 4479 quo
1241 4412 1275 4465 A.
1294 4409 1328 4463 E.

229 4491 300 4545 mihi
318 4494 438 4548 rettulit.
