3266 4914
233 1804 429 1813 ....—-—--

233 1959 327 2014 boram
345 1958 364 2011 i.
381 1957 556 2026 papillarum.
576 1957 704 2012 Persicae
719 1958 864 2026 propriam
886 1957 990 2028 p=upilli
1012 1958 1143 2028 eleyaatio
1164 1963 1189 2012 et
1211 1957 1307 2012 mabilia
1330 1964 1380 2012 amt

231 2051 300 2101 certe
322 2045 382 2100 ideo
401 2046 536 2114 eamcam
560 2061 610 2114 pro
632 2046 716 2100 dieite
739 2046 831 2115 posuit
852 2046 918 2114 qaia
932 2061 1029 2114 pereae
1045 2045 1176 2100 ditissimi
1194 2050 1266 2100 arat.
1295 2046 1377 2100 licite.

229 2134 353 2204 persicae
370 2133 415 2187 odi
434 2139 598 2202 apparatae.

333 2222 342 2251 ¹
361 2221 454 2275 Valla:
477 2219 586 2290 Optima
609 2237 695 2277 earce.
725 2237 787 2275 sora
806 2221 902 2276 ciritae
921 2221 1045 2276 Italiae.
1067 2261 1073 2274 .
1094 2261 1100 2274 .
1121 2261 1128 2274 .
1150 2221 1189 2276 cf.
1210 2221 1294 2276 schol.
1315 2223 1376 2276 cod.

222 2297 309 2364 'Voea
328 2327 370 2362 nr.
391 2312 441 2362 18:
474 2349 534 2364 ...
557 2310 686 2378 optimam
711 2309 818 2364 domum
841 2309 937 2363 habere
956 2309 1060 2379 poteria
1084 2309 1161 2379 apud
1182 2324 1261 2364 rarae
1281 2310 1379 2364 italiae

231 2397 366 2452 civitatem
383 2398 423 2451 ael
441 2396 517 2465 apmd
534 2397 716 2463 fabrateriam
734 2413 782 2452 eea
797 2397 966 2464 frusinonem
985 2395 1146 2466 campaniae
1163 2396 1294 2452 civitates.

333 2483 457 2538 ²Valla:
483 2483 571 2538 Uriae
590 2513 623 2523 -
643 2485 765 2538 lacertae.
794 2489 843 2538 aut
863 2485 953 2552 imqait
974 2484 1079 2539 Robur
1097 2483 1134 2537 ad
1152 2483 1256 2538 animal
1273 2485 1378 2540 emolit

232 2571 299 2641 qaia
317 2577 381 2626 emat
398 2571 430 2624 im
448 2587 515 2640 aare
536 2587 616 2639 qaam
631 2571 747 2640 plurimi
766 2577 815 2624 aot
831 2573 960 2625 lacertam
975 2587 1027 2640 pro
1044 2571 1228 2640 hortomoeuit
1239 2587 1289 2640 per
1301 2587 1376 2639 qaam

232 2665 257 2714 et
276 2659 428 2715 discurrere
449 2665 474 2715 et
491 2659 602 2714 latitare
619 2661 756 2714 corruerit
775 2658 827 2722 (Cf.
842 2659 926 2713 schol.
938 2659 998 2714 eod.
1011 2659 1086 2713 Voee.
1106 2677 1148 2712 nr.
1167 2661 1199 2712 18
1219 2658 1254 2712 ad
1270 2677 1296 2714 v.
1308 2661 1375 2712 230:

233 2789 346 2802 .....
363 2749 390 2803 ei
409 2791 414 2802 .
435 2790 441 2802 .
461 2789 467 2802 .
487 2748 589 2802 domimi
608 2764 662 2802 eree
678 2748 812 2817 poerimme
830 2749 871 2802 rel
890 2748 973 2802 umiae
997 2749 1112 2802 lacertae
1131 2747 1150 2800 i.
1172 2749 1232 2802 orti.
1262 2749 1377 2803 lacertae

230 2835 300 2891 caim
322 2835 353 2888 im
370 2835 438 2890 ertia
458 2837 544 2890 solemt
569 2852 623 2892 eree
642 2877 648 2890 .
668 2877 673 2889 .
691 2875 697 2889 .
718 2838 744 2903 .).
768 2841 793 2891 et
814 2836 960 2904 foeminino
983 2852 1078 2906 amere
1099 2836 1216 2903 protulit
1237 2853 1297 2890 eum
1320 2835 1377 2889 Vir.
1466 2848 1470 2902 j

231 2923 334 2977 dicerit
356 2921 399 2987 (ef.
418 2922 555 2993 Schopeni
574 2923 667 2978 adnot.
687 2924 704 2976 l.
725 2941 747 2978 o.
766 2941 792 2993 p.
813 2923 885 2992 358).
927 2923 966 2979 Et
988 2924 1087 2978 virides
1110 2927 1245 2980 occultare
1266 2926 1376 2994 spineta

231 3011 341 3064 lacertae
362 3050 472 3064 .....

332 3099 342 3130 ⁸
361 3097 455 3152 Valla:
475 3098 626 3152 Meritoria.
645 3099 675 3152 id
693 3103 731 3152 eet
750 3099 878 3152 taberaae
896 3115 964 3167 qaae
976 3099 1063 3154 labore
1075 3099 1215 3154 mercedem
1225 3116 1377 3169 promerem·

231 3191 284 3239 tur.
303 3185 398 3241 —De
417 3185 610 3240 emendatione
629 3185 726 3240 acholii
746 3186 892 3240 Pithoeani
912 3204 935 3240 v.
949 3185 1220 3242 Schuetzfleieohium
1239 3189 1287 3243 l.c.
1307 3206 1334 3257 p.
1343 3189 1377 3241 27

231 3277 259 3328 et
279 3273 454 3344 Schopenum
475 3275 493 3328 l.
514 3293 536 3329 c.
555 3292 580 3343 p.
601 3275 661 3328 359.

332 3363 456 3417 ‘Valla
476 3363 590 3432 Maqaie
606 3363 701 3432 apibus
719 3362 862 3417 dormitur.
889 3379 908 3416 a
928 3379 1024 3432 macac
1043 3367 1068 3417 et
1083 3363 1187 3431 potenti
1205 3363 1314 3418 doariae
1337 3363 1376 3417 oi-

230 3452 299 3505 ciaio
326 3452 444 3506 tabernis
473 3453 610 3508 silentiam
637 3453 790 3522 impartitur
816 3453 856 3508 ael
880 3469 978 3522 maymo
1001 3453 1113 3522 praecio
1137 3467 1245 3505 sommae
1261 3455 1377 3505 constat.

231 3539 284 3593 Sed
304 3557 369 3594 eave
394 3557 428 3594 ne
447 3540 544 3595 Vallae
569 3541 715 3595 lectionem
742 3541 881 3610 integram
908 3545 956 3594 aut
981 3541 1084 3594 scholio
1104 3540 1257 3594 Pithoeano
1282 3539 1377 3592 obtru-

231 3628 280 3681 dae
302 3629 351 3680 aut
369 3627 460 3682 Probo
485 3628 607 3682 tribuae:
627 3633 705 3683 vetat
723 3629 798 3682 enim
817 3629 876 3682 eod.
895 3628 972 3682 Voer.
991 3646 1034 3682 nr.
1055 3629 1087 3681 18
1106 3628 1252 3682 acholium:
1273 3627 1374 3681 dormi·

230 3721 289 3771 tim:
308 3717 384 3772 Nam
409 3716 472 3785 (leg.
498 3716 574 3783 Noa)
595 3716 650 3770 aiei
673 3731 774 3785 maara
793 3715 917 3784 potentia
939 3715 1076 3770 silentiam
1102 3715 1200 3770 ricimir
1225 3713 1375 3784 imponitur

230 3804 350 3858 tabercir
375 3804 415 3858 ael
442 3819 540 3872 maaca
566 3804 654 3871 cretio
681 3819 790 3858 saraam
817 3807 924 3858 coartat
954 3802 1026 3872 qaod
1053 3803 1137 3856 datar
1161 3801 1372 3872 inquietudinem

227 3890 432 3960 anamarteton„
534 3887 536 3892 ’

330 3979 340 4010 ⁶
357 3977 450 4032 Valla:
471 4015 538 4032 ....
558 3978 674 4034 mandra
691 3978 782 4048 iacuit
795 3980 902 4034 Probae
915 3985 954 4034 eet
966 3979 1080 4034 hostiam
1099 3978 1154 4034 eici
1172 3979 1211 4033 cel
1228 3978 1325 4045 tteamm
1338 3978 1377 4032 cel

229 4071 334 4122 arctam
355 4073 404 4121 ant
422 4067 495 4122 breve
515 4071 540 4121 et
557 4066 607 4122 cite
625 4067 776 4136 aedificium
789 4067 858 4136 quoa
871 4073 997 4137 anametet
1014 4067 1187 4121 latitudinem
1199 4065 1265 4120 cici:
1284 4067 1324 4120 oel
1334 4066 1376 4118 ia·

117 4213 123 4226 ,
228 4171 294 4226 aene
311 4156 458 4210 relicatam
477 4169 527 4224 aaa
545 4156 634 4210 trata
649 4152 805 4224 portaretur.
826 4156 885 4210 Hoc
898 4156 1147 4224 interpretamento
1159 4154 1243 4208 mirae
1256 4169 1300 4207 res
1313 4169 1376 4222 pro-

229 4243 307 4312 ferri,
325 4244 442 4297 meliora
461 4247 553 4298 autem
572 4261 630 4298 esse
648 4244 678 4297 in
697 4244 800 4298 scholio
820 4244 974 4298 Pithoeano
994 4244 1049 4297 iam
1068 4243 1141 4296 vidit
1160 4243 1305 4297 Oromenus
1324 4243 1341 4295 l.
1352 4259 1375 4296 o.

229 4349 257 4399 p.
270 4333 332 4399 1063
352 4331 386 4385 of.
399 4331 426 4385 Ο.
437 4331 484 4384 Fr.
495 4331 648 4386 Hermanni
661 4333 750 4401 spicil.
766 4332 873 4386 adnott.
886 4332 922 4386 ad
935 4335 986 4385 eat.
997 4331 1038 4384 111
1048 4331 1194 4400 (Morburg
1205 4331 1284 4398 1839)
1294 4346 1321 4398 p.
1332 4331 1375 4383 32.

235 4421 269 4471 et
288 4435 359 4486 quae
371 4417 451 4472 Valla
472 4419 565 4474 adfert
583 4421 724 4489 pertinere
745 4419 876 4474 videntur
894 4437 950 4473 non
964 4419 999 4473 ad
1012 4419 1167 4486 mandram,
1186 4417 1234 4471 aed
1247 4418 1282 4471 ad
1295 4435 1374 4485 prae·

270 4505 356 4560 'entia
375 4505 513 4561 Iuvenalis
530 4507 627 4562 verba:
646 4507 772 4563 redarum
790 4507 924 4563 transitus
942 4512 1002 4562 arto
1018 4507 1138 4561 ricaram
1155 4505 1267 4572 imitere.
