<?xml version="1.0" encoding="UTF-8"?>
<!DOCTYPE html PUBLIC "-//W3C//DTD XHTML 1.0 Transitional//EN"
    "http://www.w3.org/TR/xhtml1/DTD/xhtml1-transitional.dtd">
<html xmlns="http://www.w3.org/1999/xhtml" xml:lang="en" lang="en">
 <head>
  <title>
</title>
<meta http-equiv="Content-Type" content="text/html;charset=utf-8" />
  <meta name='ocr-system' content='tesseract 3.04.00' />
  <meta name='ocr-capabilities' content='ocr_page ocr_carea ocr_par ocr_line ocrx_word'/>
</head>
<body>
  <div class='ocr_page' id='page_1' title='image "./depithoeanisini01stepgoog_0058.png"; bbox 0 0 3266 4914; ppageno 0'>
   <div class='ocr_carea' id='block_1_1' title="bbox 239 864 1138 1519">
    <p class='ocr_par' dir='ltr' id='par_1_1' title="bbox 239 864 1138 1519">
     <span class='ocr_line' id='line_1_1' title="bbox 239 864 299 921; baseline 0.017 -1"><span class='ocrx_word' id='word_1_1' title='bbox 239 864 299 921; x_wconf 84' lang='grc'><strong><em>187</em></strong></span> 
     </span>
     <span class='ocr_line' id='line_1_2' title="bbox 476 959 640 1036; baseline -0.012 -19"><span class='ocrx_word' id='word_1_2' title='bbox 476 960 535 1018; x_wconf 88' lang='grc'><strong><em>188</em></strong></span> <span class='ocrx_word' id='word_1_3' title='bbox 557 959 640 1036; x_wconf 85' lang='lat' dir='ltr'><strong><em>prius</em></strong></span> 
     </span>
     <span class='ocr_line' id='line_1_3' title="bbox 240 1056 671 1130; baseline 0.005 -10"><span class='ocrx_word' id='word_1_4' title='bbox 240 1063 299 1122; x_wconf 87' lang='grc'><strong><em>188</em></strong></span> <span class='ocrx_word' id='word_1_5' title='bbox 308 1062 434 1120; x_wconf 76' lang='lat' dir='ltr'><strong><em>alterum</em></strong></span> <span class='ocrx_word' id='word_1_6' title='bbox 510 1059 602 1118; x_wconf 88' lang='lat' dir='ltr'><strong><em>schol.</em></strong></span> <span class='ocrx_word' id='word_1_7' title='bbox 613 1056 671 1130; x_wconf 71' lang='grc' dir='ltr'><strong><em>(2,)δ</em></strong></span> 
     </span>
     <span class='ocr_line' id='line_1_4' title="bbox 327 1161 419 1220; baseline 0 -1"><span class='ocrx_word' id='word_1_8' title='bbox 327 1161 419 1220; x_wconf 85' lang='lat' dir='ltr'><strong><em>schol.</em></strong></span> 
     </span>
     <span class='ocr_line' id='line_1_5' title="bbox 240 1263 404 1338; baseline 0.006 -19"><span class='ocrx_word' id='word_1_9' title='bbox 240 1263 299 1320; x_wconf 88' lang='grc'><strong><em>189</em></strong></span> <span class='ocrx_word' id='word_1_10' title='bbox 322 1263 404 1338; x_wconf 84' lang='lat' dir='ltr'><strong><em>prius</em></strong></span> 
     </span>
     <span class='ocr_line' id='line_1_6' title="bbox 321 1352 1115 1420; baseline 0.008 -15"><span class='ocrx_word' id='word_1_11' title='bbox 321 1360 414 1420; x_wconf 64' lang='lat' dir='ltr'><strong><em>schol,</em></strong></span> <span class='ocrx_word' id='word_1_12' title='bbox 955 1352 1014 1410; x_wconf 91' lang='grc'><strong><em>189</em></strong></span> <span class='ocrx_word' id='word_1_13' title='bbox 1029 1352 1115 1411; x_wconf 84' lang='lat' dir='ltr'><strong><em>ulter.</em></strong></span> 
     </span>
     <span class='ocr_line' id='line_1_7' title="bbox 240 1450 1138 1519; baseline -0.009 0"><span class='ocrx_word' id='word_1_14' title='bbox 240 1461 301 1519; x_wconf 89' lang='grc'><strong><em>190</em></strong></span> <span class='ocrx_word' id='word_1_15' title='bbox 1022 1450 1138 1512; x_wconf 80' lang='lat' dir='ltr'><strong><em>echol.⁶</em></strong></span> 
     </span>
    </p>
   </div>
   <div class='ocr_carea' id='block_1_2' title="bbox 240 1562 885 1725">
    <p class='ocr_par' dir='ltr' id='par_1_2' title="bbox 240 1562 885 1725">
     <span class='ocr_line' id='line_1_8' title="bbox 240 1562 298 1619; baseline 0 -1"><span class='ocrx_word' id='word_1_16' title='bbox 240 1562 298 1619; x_wconf 84' lang='grc'><strong><em>191</em></strong></span> 
     </span>
     <span class='ocr_line' id='line_1_9' title="bbox 723 1650 885 1725; baseline -0.012 -17"><span class='ocrx_word' id='word_1_17' title='bbox 723 1651 782 1708; x_wconf 94' lang='grc'><strong><em>192</em></strong></span> <span class='ocrx_word' id='word_1_18' title='bbox 804 1650 885 1725; x_wconf 88' lang='lat' dir='ltr'><strong><em>prins</em></strong></span> 
     </span>
    </p>
   </div>
   <div class='ocr_carea' id='block_1_3' title="bbox 240 1746 904 1820">
    <p class='ocr_par' dir='ltr' id='par_1_3' title="bbox 240 1746 904 1820">
     <span class='ocr_line' id='line_1_10' title="bbox 240 1746 904 1820; baseline 0 0"><span class='ocrx_word' id='word_1_19' title='bbox 240 1762 299 1820; x_wconf 90' lang='grc'><strong><em>192</em></strong></span> <span class='ocrx_word' id='word_1_20' title='bbox 309 1763 436 1820; x_wconf 79' lang='lat' dir='ltr'><strong><em>alterum</em></strong></span> <span class='ocrx_word' id='word_1_21' title='bbox 790 1746 904 1808; x_wconf 78' lang='lat' dir='ltr'><strong><em>⁸⁰h⁰l·⁰</em></strong></span> 
     </span>
    </p>
   </div>
   <div class='ocr_carea' id='block_1_4' title="bbox 242 1862 421 2020">
    <p class='ocr_par' dir='ltr' id='par_1_4' title="bbox 242 1862 421 2020">
     <span class='ocr_line' id='line_1_11' title="bbox 329 1862 421 1921; baseline 0 -1"><span class='ocrx_word' id='word_1_22' title='bbox 329 1862 421 1921; x_wconf 85' lang='lat' dir='ltr'><strong><em>schol.</em></strong></span> 
     </span>
     <span class='ocr_line' id='line_1_12' title="bbox 242 1963 302 2020; baseline 0 -1"><span class='ocrx_word' id='word_1_23' title='bbox 242 1963 302 2020; x_wconf 82' lang='lat'><strong><em>193</em></strong></span> 
     </span>
    </p>
   </div>
   <div class='ocr_carea' id='block_1_5' title="bbox 240 2242 435 2252">
    <p class='ocr_par' dir='ltr' id='par_1_5' title="bbox 240 2242 435 2252">
     <span class='ocr_line' id='line_1_13' title="bbox 240 2242 435 2252; baseline 0.021 -4"><span class='ocrx_word' id='word_1_24' title='bbox 240 2242 435 2252; x_wconf 74' lang='lat'><em>———-</em></span> 
     </span>
    </p>
   </div>
   <div class='ocr_carea' id='block_1_6' title="bbox 237 2271 1387 4190">
    <p class='ocr_par' dir='ltr' id='par_1_6' title="bbox 237 2271 1385 2518">
     <span class='ocr_line' id='line_1_14' title="bbox 338 2271 1385 2341; baseline 0 -15"><span class='ocrx_word' id='word_1_25' title='bbox 338 2272 459 2327; x_wconf 83' lang='lat' dir='ltr'><strong><em>¹Velle:</em></strong></span> <span class='ocrx_word' id='word_1_26' title='bbox 479 2273 600 2327; x_wconf 78' lang='lat' dir='ltr'><strong><em>Habitus</em></strong></span> <span class='ocrx_word' id='word_1_27' title='bbox 618 2273 700 2327; x_wconf 90' lang='lat' dir='ltr'><strong><em>nitor.</em></strong></span> <span class='ocrx_word' id='word_1_28' title='bbox 730 2271 837 2326; x_wconf 85' lang='lat' dir='ltr'><strong><em>babitus</em></strong></span> <span class='ocrx_word' id='word_1_29' title='bbox 861 2271 996 2341; x_wconf 75' lang='lat' dir='ltr'><strong><em>penitiuns</em></strong></span> <span class='ocrx_word' id='word_1_30' title='bbox 1021 2287 1108 2326; x_wconf 87' lang='lat' dir='ltr'><strong><em>casus.</em></strong></span> <span class='ocrx_word' id='word_1_31' title='bbox 1140 2278 1205 2326; x_wconf 86' lang='lat' dir='ltr'><strong><em>sunt</em></strong></span> <span class='ocrx_word' id='word_1_32' title='bbox 1231 2273 1280 2341; x_wconf 75' lang='lat' dir='ltr'><strong><em>oui</em></strong></span> <span class='ocrx_word' id='word_1_33' title='bbox 1302 2272 1385 2328; x_wconf 83' lang='lat' dir='ltr'><strong><em>uelint</em></strong></span> 
     </span>
     <span class='ocr_line' id='line_1_15' title="bbox 237 2345 1385 2430; baseline 0.001 -18"><span class='ocrx_word' id='word_1_34' title='bbox 237 2360 349 2430; x_wconf 77' lang='lat' dir='ltr'><strong><em>simpulo</em></strong></span> <span class='ocrx_word' id='word_1_35' title='bbox 363 2377 416 2430; x_wconf 90' lang='lat' dir='ltr'><strong><em>per</em></strong></span> <span class='ocrx_word' id='word_1_36' title='bbox 434 2377 462 2416; x_wconf 89' lang='lat' dir='ltr'><strong><em>se</em></strong></span> <span class='ocrx_word' id='word_1_37' title='bbox 475 2361 665 2430; x_wconf 84' lang='lat' dir='ltr'><strong><em>pronunciari.</em></strong></span> <span class='ocrx_word' id='word_1_38' title='bbox 691 2361 813 2415; x_wconf 81' lang='lat' dir='ltr'><strong><em>babitus:</em></strong></span> <span class='ocrx_word' id='word_1_39' title='bbox 834 2361 912 2416; x_wconf 90' lang='lat' dir='ltr'><strong><em>nitor</em></strong></span> <span class='ocrx_word' id='word_1_40' title='bbox 929 2365 961 2414; x_wconf 88' lang='lat' dir='ltr'><strong><em>ut</em></strong></span> <span class='ocrx_word' id='word_1_41' title='bbox 978 2359 1035 2415; x_wconf 88' lang='lat' dir='ltr'><strong><em>sint</em></strong></span> <span class='ocrx_word' id='word_1_42' title='bbox 1052 2361 1216 2415; x_wconf 80' lang='lat' dir='ltr'><strong><em>nominativi</em></strong></span> <span class='ocrx_word' id='word_1_43' title='bbox 1234 2375 1326 2427; x_wconf 85' lang='lat' dir='ltr'><strong><em>casue,·</em></strong></span> <span class='ocrx_word' id='word_1_44' title='bbox 1349 2345 1385 2413; x_wconf 85' lang='lat' dir='ltr'><strong><em>cl.</em></strong></span> 
     </span>
     <span class='ocr_line' id='line_1_16' title="bbox 239 2445 696 2518; baseline 0.007 -18"><span class='ocrx_word' id='word_1_45' title='bbox 239 2445 376 2517; x_wconf 87' lang='lat' dir='ltr'><strong><em>Sahopeni</em></strong></span> <span class='ocrx_word' id='word_1_46' title='bbox 394 2449 491 2503; x_wconf 84' lang='lat' dir='ltr'><strong><em>adnot.</em></strong></span> <span class='ocrx_word' id='word_1_47' title='bbox 510 2449 528 2502; x_wconf 93' lang='lat' dir='ltr'><strong><em>l.</em></strong></span> <span class='ocrx_word' id='word_1_48' title='bbox 548 2467 570 2503; x_wconf 89' lang='lat' dir='ltr'><strong><em>o.</em></strong></span> <span class='ocrx_word' id='word_1_49' title='bbox 589 2467 616 2518; x_wconf 89' lang='lat' dir='ltr'><strong><em>p.</em></strong></span> <span class='ocrx_word' id='word_1_50' title='bbox 636 2451 696 2504; x_wconf 81' lang='lat'><strong><em>356.</em></strong></span> 
     </span>
    </p>

    <p class='ocr_par' dir='ltr' id='par_1_7' title="bbox 237 2537 1386 2781">
     <span class='ocr_line' id='line_1_17' title="bbox 338 2537 1385 2608; baseline 0 -18"><span class='ocrx_word' id='word_1_51' title='bbox 338 2537 349 2569; x_wconf 79' lang='lat'>²</span> <span class='ocrx_word' id='word_1_52' title='bbox 368 2537 461 2592; x_wconf 81' lang='lat' dir='ltr'><strong><em>Vella:</em></strong></span> <span class='ocrx_word' id='word_1_53' title='bbox 482 2537 555 2608; x_wconf 75' lang='lat' dir='ltr'><strong><em>Quid</em></strong></span> <span class='ocrx_word' id='word_1_54' title='bbox 573 2537 664 2591; x_wconf 83' lang='lat' dir='ltr'><strong><em>das-</em></strong></span> <span class='ocrx_word' id='word_1_55' title='bbox 676 2539 785 2592; x_wconf 88' lang='lat' dir='ltr'><strong><em>salutes.</em></strong></span> <span class='ocrx_word' id='word_1_56' title='bbox 805 2538 917 2592; x_wconf 88' lang='lat' dir='ltr'><strong><em>nobilem</em></strong></span> <span class='ocrx_word' id='word_1_57' title='bbox 936 2537 1078 2592; x_wconf 87' lang='lat' dir='ltr'><strong><em>cornelium</em></strong></span> <span class='ocrx_word' id='word_1_58' title='bbox 1097 2553 1235 2592; x_wconf 87' lang='lat' dir='ltr'><strong><em>cossumnc</em></strong></span> <span class='ocrx_word' id='word_1_59' title='bbox 1250 2553 1287 2591; x_wconf 91' lang='lat' dir='ltr'><strong><em>an</em></strong></span> <span class='ocrx_word' id='word_1_60' title='bbox 1300 2537 1385 2591; x_wconf 87' lang='lat' dir='ltr'><strong><em>alium</em></strong></span> 
     </span>
     <span class='ocr_line' id='line_1_18' title="bbox 237 2623 1386 2694; baseline 0.001 -18"><span class='ocrx_word' id='word_1_61' title='bbox 237 2623 308 2677; x_wconf 88' lang='lat' dir='ltr'><strong><em>sicut</em></strong></span> <span class='ocrx_word' id='word_1_62' title='bbox 332 2623 391 2694; x_wconf 89' lang='lat' dir='ltr'><strong><em>ipse</em></strong></span> <span class='ocrx_word' id='word_1_63' title='bbox 413 2625 493 2680; x_wconf 90' lang='lat' dir='ltr'><strong><em>etiam</em></strong></span> <span class='ocrx_word' id='word_1_64' title='bbox 515 2626 583 2680; x_wconf 83' lang='lat' dir='ltr'><strong><em>alibi</em></strong></span> <span class='ocrx_word' id='word_1_65' title='bbox 605 2631 637 2679; x_wconf 91' lang='lat' dir='ltr'><strong><em>ut</em></strong></span> <span class='ocrx_word' id='word_1_66' title='bbox 659 2630 760 2680; x_wconf 87' lang='lat' dir='ltr'><strong><em>moueat</em></strong></span> <span class='ocrx_word' id='word_1_67' title='bbox 780 2625 928 2692; x_wconf 70' lang='lat' dir='ltr'><strong><em>fastidium</em></strong></span> <span class='ocrx_word' id='word_1_68' title='bbox 946 2641 1028 2680; x_wconf 83' lang='lat' dir='ltr'><strong><em>cosso.</em></strong></span> <span class='ocrx_word' id='word_1_69' title='bbox 1048 2655 1081 2664; x_wconf 91' lang='lat'><em>-</em></span> <span class='ocrx_word' id='word_1_70' title='bbox 1100 2625 1133 2677; x_wconf 92' lang='lat' dir='ltr'><strong><em>In</em></strong></span> <span class='ocrx_word' id='word_1_71' title='bbox 1152 2624 1235 2678; x_wconf 85' lang='lat' dir='ltr'><strong><em>schol.</em></strong></span> <span class='ocrx_word' id='word_1_72' title='bbox 1256 2624 1330 2679; x_wconf 92' lang='lat' dir='ltr'><strong><em>Pith.</em></strong></span> <span class='ocrx_word' id='word_1_73' title='bbox 1347 2624 1386 2677; x_wconf 87' lang='lat' dir='ltr'><strong><em>le·</em></strong></span> 
     </span>
     <span class='ocr_line' id='line_1_19' title="bbox 238 2711 875 2781; baseline 0.003 -17"><span class='ocrx_word' id='word_1_74' title='bbox 238 2711 361 2779; x_wconf 85' lang='lat' dir='ltr'><strong><em>gendum</em></strong></span> <span class='ocrx_word' id='word_1_75' title='bbox 383 2713 506 2767; x_wconf 84' lang='lat' dir='ltr'><strong><em>videtur:</em></strong></span> <span class='ocrx_word' id='word_1_76' title='bbox 526 2718 591 2767; x_wconf 92' lang='lat' dir='ltr'><strong><em>tunc</em></strong></span> <span class='ocrx_word' id='word_1_77' title='bbox 609 2713 736 2781; x_wconf 78' lang='lat' dir='ltr'><strong><em>terre-poris</em></strong></span> <span class='ocrx_word' id='word_1_78' title='bbox 754 2714 875 2768; x_wconf 83' lang='lat' dir='ltr'><strong><em>nobilem.</em></strong></span> 
     </span>
    </p>

    <p class='ocr_par' dir='ltr' id='par_1_8' title="bbox 238 2798 1385 2958">
     <span class='ocr_line' id='line_1_20' title="bbox 339 2798 1385 2870; baseline -0.001 -17"><span class='ocrx_word' id='word_1_79' title='bbox 339 2800 350 2831; x_wconf 82' lang='lat'>³</span> <span class='ocrx_word' id='word_1_80' title='bbox 368 2798 459 2855; x_wconf 82' lang='lat' dir='ltr'><strong><em>Velle:</em></strong></span> <span class='ocrx_word' id='word_1_81' title='bbox 484 2801 520 2856; x_wconf 88' lang='lat' dir='ltr'><strong><em>Ut</em></strong></span> <span class='ocrx_word' id='word_1_82' title='bbox 531 2801 672 2856; x_wconf 85' lang='lat' dir='ltr'><strong><em>-lubello</em></strong></span> <span class='ocrx_word' id='word_1_83' title='bbox 692 2801 740 2870; x_wconf 82' lang='lat' dir='ltr'><strong><em>pui</em></strong></span> <span class='ocrx_word' id='word_1_84' title='bbox 757 2818 791 2856; x_wconf 91' lang='lat' dir='ltr'><strong><em>ne</em></strong></span> <span class='ocrx_word' id='word_1_85' title='bbox 802 2803 931 2870; x_wconf 76' lang='lat' dir='ltr'><strong><em>respicere</em></strong></span> <span class='ocrx_word' id='word_1_86' title='bbox 950 2799 1055 2870; x_wconf 74' lang='lat' dir='ltr'><strong><em>quidem</em></strong></span> <span class='ocrx_word' id='word_1_87' title='bbox 1067 2801 1228 2854; x_wconf 86' lang='lat' dir='ltr'><strong><em>salutantem</em></strong></span> <span class='ocrx_word' id='word_1_88' title='bbox 1240 2799 1385 2869; x_wconf 63' lang='lat' dir='ltr'><strong><em>eliquatum</em></strong></span> 
     </span>
     <span class='ocr_line' id='line_1_21' title="bbox 238 2887 639 2958; baseline 0.005 -18"><span class='ocrx_word' id='word_1_89' title='bbox 238 2887 274 2950; x_wconf 86' lang='lat' dir='ltr'><strong><em>ci.</em></strong></span> <span class='ocrx_word' id='word_1_90' title='bbox 294 2887 428 2956; x_wconf 89' lang='lat' dir='ltr'><strong><em>Schopen.</em></strong></span> <span class='ocrx_word' id='word_1_91' title='bbox 451 2889 469 2942; x_wconf 93' lang='lat' dir='ltr'><strong><em>l.</em></strong></span> <span class='ocrx_word' id='word_1_92' title='bbox 490 2907 511 2943; x_wconf 89' lang='lat' dir='ltr'><strong><em>c.</em></strong></span> <span class='ocrx_word' id='word_1_93' title='bbox 531 2907 558 2958; x_wconf 89' lang='lat' dir='ltr'><strong><em>p.</em></strong></span> <span class='ocrx_word' id='word_1_94' title='bbox 578 2891 639 2944; x_wconf 81' lang='lat'><strong><em>356.</em></strong></span> 
     </span>
    </p>

    <p class='ocr_par' dir='ltr' id='par_1_9' title="bbox 238 2973 1387 3221">
     <span class='ocr_line' id='line_1_22' title="bbox 340 2973 1387 3030; baseline 0.001 -1"><span class='ocrx_word' id='word_1_95' title='bbox 340 2978 351 3009; x_wconf 88' lang='lat'><strong>⁴</strong></span> <span class='ocrx_word' id='word_1_96' title='bbox 369 2975 462 3029; x_wconf 84' lang='lat' dir='ltr'><strong><em>Velle:</em></strong></span> <span class='ocrx_word' id='word_1_97' title='bbox 483 2976 536 3030; x_wconf 89' lang='lat' dir='ltr'><strong><em>Ille</em></strong></span> <span class='ocrx_word' id='word_1_98' title='bbox 557 2977 634 3030; x_wconf 79' lang='lat' dir='ltr'><strong><em>nectit</em></strong></span> <span class='ocrx_word' id='word_1_99' title='bbox 655 2977 765 3030; x_wconf 77' lang='lat' dir='ltr'><strong><em>barbam</em></strong></span> <span class='ocrx_word' id='word_1_100' title='bbox 785 3013 899 3030; x_wconf 88' lang='grc'><strong>.....</strong></span> <span class='ocrx_word' id='word_1_101' title='bbox 918 2975 1011 3030; x_wconf 89' lang='lat' dir='ltr'><strong><em>tondet</em></strong></span> <span class='ocrx_word' id='word_1_102' title='bbox 1030 3014 1142 3029; x_wconf 90' lang='grc'><strong>.....</strong></span> <span class='ocrx_word' id='word_1_103' title='bbox 1164 2973 1270 3030; x_wconf 80' lang='lat' dir='ltr'><strong><em>Orinem</em></strong></span> <span class='ocrx_word' id='word_1_104' title='bbox 1293 2975 1387 3030; x_wconf 90' lang='lat' dir='ltr'><strong><em>amati.</em></strong></span> 
     </span>
     <span class='ocr_line' id='line_1_23' title="bbox 238 3062 1386 3133; baseline 0.003 -18"><span class='ocrx_word' id='word_1_105' title='bbox 238 3062 339 3116; x_wconf 88' lang='lat' dir='ltr'><strong><em>cirrum</em></strong></span> <span class='ocrx_word' id='word_1_106' title='bbox 357 3062 425 3117; x_wconf 86' lang='lat' dir='ltr'><strong><em>dicit</em></strong></span> <span class='ocrx_word' id='word_1_107' title='bbox 443 3079 461 3117; x_wconf 93' lang='lat' dir='ltr'><strong><em>a</em></strong></span> <span class='ocrx_word' id='word_1_108' title='bbox 480 3079 531 3132; x_wconf 80' lang='lat' dir='ltr'><strong><em>quo</em></strong></span> <span class='ocrx_word' id='word_1_109' title='bbox 549 3063 668 3118; x_wconf 73' lang='lat' dir='ltr'><strong><em>cirratis</em></strong></span> <span class='ocrx_word' id='word_1_110' title='bbox 686 3064 845 3118; x_wconf 86' lang='lat' dir='ltr'><strong><em>nominatur</em></strong></span> <span class='ocrx_word' id='word_1_111' title='bbox 864 3065 911 3133; x_wconf 75' lang='lat' dir='ltr'><strong><em>qui</em></strong></span> <span class='ocrx_word' id='word_1_112' title='bbox 928 3081 977 3133; x_wconf 89' lang='lat' dir='ltr'><strong><em>per</em></strong></span> <span class='ocrx_word' id='word_1_113' title='bbox 994 3064 1132 3118; x_wconf 76' lang='lat' dir='ltr'><strong><em>libidinem</em></strong></span> <span class='ocrx_word' id='word_1_114' title='bbox 1150 3063 1180 3116; x_wconf 88' lang='lat' dir='ltr'><strong><em>in</em></strong></span> <span class='ocrx_word' id='word_1_115' title='bbox 1197 3063 1299 3117; x_wconf 80' lang='lat' dir='ltr'><strong><em>delitiis</em></strong></span> <span class='ocrx_word' id='word_1_116' title='bbox 1315 3065 1386 3130; x_wconf 74' lang='lat' dir='ltr'><strong><em>fuit‚·</em></strong></span> 
     </span>
     <span class='ocr_line' id='line_1_24' title="bbox 240 3149 1387 3221; baseline 0.002 -19"><span class='ocrx_word' id='word_1_117' title='bbox 240 3149 274 3202; x_wconf 88' lang='lat' dir='ltr'><strong><em>ci.</em></strong></span> <span class='ocrx_word' id='word_1_118' title='bbox 284 3151 367 3218; x_wconf 85' lang='lat' dir='ltr'><strong><em>gloss.</em></strong></span> <span class='ocrx_word' id='word_1_119' title='bbox 379 3149 472 3204; x_wconf 87' lang='lat' dir='ltr'><strong><em>interl.</em></strong></span> <span class='ocrx_word' id='word_1_120' title='bbox 486 3151 545 3204; x_wconf 90' lang='lat' dir='ltr'><strong><em>cod.</em></strong></span> <span class='ocrx_word' id='word_1_121' title='bbox 557 3151 635 3205; x_wconf 83' lang='lat' dir='ltr'><strong><em>Voss.</em></strong></span> <span class='ocrx_word' id='word_1_122' title='bbox 645 3169 688 3205; x_wconf 85' lang='lat' dir='ltr'><strong><em>nr.</em></strong></span> <span class='ocrx_word' id='word_1_123' title='bbox 701 3155 746 3206; x_wconf 85' lang='lat'><strong><em>18:</em></strong></span> <span class='ocrx_word' id='word_1_124' title='bbox 767 3152 853 3207; x_wconf 85' lang='lat' dir='ltr'><strong><em>amati</em></strong></span> <span class='ocrx_word' id='word_1_125' title='bbox 861 3171 868 3205; x_wconf 92' lang='lat'>:</span> <span class='ocrx_word' id='word_1_126' title='bbox 884 3153 966 3220; x_wconf 89' lang='lat' dir='ltr'><strong><em>pueri</em></strong></span> <span class='ocrx_word' id='word_1_127' title='bbox 983 3153 1033 3221; x_wconf 77' lang='lat' dir='ltr'><strong><em>qui</em></strong></span> <span class='ocrx_word' id='word_1_128' title='bbox 1051 3151 1081 3206; x_wconf 87' lang='lat' dir='ltr'><strong><em>in</em></strong></span> <span class='ocrx_word' id='word_1_129' title='bbox 1099 3151 1206 3205; x_wconf 88' lang='lat' dir='ltr'><strong><em>deliciis</em></strong></span> <span class='ocrx_word' id='word_1_130' title='bbox 1219 3151 1277 3204; x_wconf 88' lang='lat' dir='ltr'><strong><em>eius</em></strong></span> <span class='ocrx_word' id='word_1_131' title='bbox 1286 3150 1387 3216; x_wconf 71' lang='lat' dir='ltr'><strong><em>suant.</em></strong></span> 
     </span>
    </p>

    <p class='ocr_par' dir='ltr' id='par_1_10' title="bbox 240 3237 1386 3395">
     <span class='ocr_line' id='line_1_25' title="bbox 323 3237 1386 3309; baseline 0 -18"><span class='ocrx_word' id='word_1_132' title='bbox 323 3240 350 3304; x_wconf 56' lang='lat'><strong><em>,⁶</em></strong></span> <span class='ocrx_word' id='word_1_133' title='bbox 369 3237 463 3291; x_wconf 83' lang='lat' dir='ltr'><strong><em>Vallo:</em></strong></span> <span class='ocrx_word' id='word_1_134' title='bbox 484 3239 524 3292; x_wconf 73' lang='lat' dir='ltr'><strong><em>Et</em></strong></span> <span class='ocrx_word' id='word_1_135' title='bbox 542 3238 612 3293; x_wconf 87' lang='lat' dir='ltr'><strong><em>illud</em></strong></span> <span class='ocrx_word' id='word_1_136' title='bbox 628 3241 796 3307; x_wconf 78' lang='lat' dir='ltr'><strong><em>fermentum.</em></strong></span> <span class='ocrx_word' id='word_1_137' title='bbox 816 3240 917 3294; x_wconf 90' lang='lat' dir='ltr'><strong><em>malum</em></strong></span> <span class='ocrx_word' id='word_1_138' title='bbox 936 3256 987 3309; x_wconf 77' lang='lat' dir='ltr'><strong><em>ouo</em></strong></span> <span class='ocrx_word' id='word_1_139' title='bbox 1005 3238 1178 3294; x_wconf 80' lang='lat' dir='ltr'><strong><em>stomacheris</em></strong></span> <span class='ocrx_word' id='word_1_140' title='bbox 1188 3243 1213 3291; x_wconf 89' lang='lat' dir='ltr'><strong><em>et</em></strong></span> <span class='ocrx_word' id='word_1_141' title='bbox 1225 3237 1386 3306; x_wconf 81' lang='lat' dir='ltr'><strong><em>indipncn&#39;e.</em></strong></span> 
     </span>
     <span class='ocr_line' id='line_1_26' title="bbox 240 3323 1386 3395; baseline 0.001 -18"><span class='ocrx_word' id='word_1_142' title='bbox 240 3323 281 3377; x_wconf 83' lang='lat' dir='ltr'><strong><em>Oi.</em></strong></span> <span class='ocrx_word' id='word_1_143' title='bbox 292 3325 376 3378; x_wconf 86' lang='lat' dir='ltr'><strong><em>etiem</em></strong></span> <span class='ocrx_word' id='word_1_144' title='bbox 385 3326 468 3394; x_wconf 82' lang='lat' dir='ltr'><strong><em>gloss.</em></strong></span> <span class='ocrx_word' id='word_1_145' title='bbox 477 3326 569 3381; x_wconf 90' lang='lat' dir='ltr'><strong><em>interl.</em></strong></span> <span class='ocrx_word' id='word_1_146' title='bbox 581 3328 640 3381; x_wconf 90' lang='lat' dir='ltr'><strong><em>cod.</em></strong></span> <span class='ocrx_word' id='word_1_147' title='bbox 653 3327 729 3382; x_wconf 80' lang='lat' dir='ltr'><strong><em>Voss.</em></strong></span> <span class='ocrx_word' id='word_1_148' title='bbox 741 3347 784 3381; x_wconf 86' lang='lat' dir='ltr'><strong><em>nr.</em></strong></span> <span class='ocrx_word' id='word_1_149' title='bbox 794 3330 838 3381; x_wconf 79' lang='lat'><strong><em>18:</em></strong></span> <span class='ocrx_word' id='word_1_150' title='bbox 856 3327 1029 3394; x_wconf 72' lang='lat' dir='ltr'><strong><em>fermentum:</em></strong></span> <span class='ocrx_word' id='word_1_151' title='bbox 1048 3326 1193 3380; x_wconf 78' lang='lat' dir='ltr'><strong><em>materiam</em></strong></span> <span class='ocrx_word' id='word_1_152' title='bbox 1210 3325 1386 3395; x_wconf 69' lang='lat' dir='ltr'><strong><em>indicnandi.</em></strong></span> 
     </span>
    </p>

    <p class='ocr_par' dir='ltr' id='par_1_11' title="bbox 239 3412 1387 3836">
     <span class='ocr_line' id='line_1_27' title="bbox 341 3412 1386 3484; baseline -0.001 -17"><span class='ocrx_word' id='word_1_153' title='bbox 341 3412 466 3467; x_wconf 77' lang='lat' dir='ltr'><strong><em>⁶Vella:</em></strong></span> <span class='ocrx_word' id='word_1_154' title='bbox 488 3413 583 3469; x_wconf 72' lang='lat' dir='ltr'><strong><em>(iuliis.</em></strong></span> <span class='ocrx_word' id='word_1_155' title='bbox 608 3416 656 3483; x_wconf 80' lang='lat' dir='ltr'><strong><em>qui</em></strong></span> <span class='ocrx_word' id='word_1_156' title='bbox 678 3415 742 3469; x_wconf 80' lang='lat' dir='ltr'><strong><em>sunt</em></strong></span> <span class='ocrx_word' id='word_1_157' title='bbox 760 3416 790 3468; x_wconf 89' lang='lat' dir='ltr'><strong><em>in</em></strong></span> <span class='ocrx_word' id='word_1_158' title='bbox 808 3415 928 3483; x_wconf 79' lang='lat' dir='ltr'><strong><em>delitii83</em></strong></span> <span class='ocrx_word' id='word_1_159' title='bbox 959 3414 993 3468; x_wconf 86' lang='lat' dir='ltr'><strong><em>ci.</em></strong></span> <span class='ocrx_word' id='word_1_160' title='bbox 1012 3415 1096 3484; x_wconf 80' lang='lat' dir='ltr'><strong><em>gloss.</em></strong></span> <span class='ocrx_word' id='word_1_161' title='bbox 1115 3414 1207 3467; x_wconf 83' lang='lat' dir='ltr'><strong><em>interl.</em></strong></span> <span class='ocrx_word' id='word_1_162' title='bbox 1229 3413 1288 3468; x_wconf 87' lang='lat' dir='ltr'><strong><em>cod.</em></strong></span> <span class='ocrx_word' id='word_1_163' title='bbox 1308 3413 1386 3467; x_wconf 86' lang='lat' dir='ltr'><strong><em>Voss.</em></strong></span> 
     </span>
     <span class='ocr_line' id='line_1_28' title="bbox 239 3500 1387 3569; baseline 0.003 -17"><span class='ocrx_word' id='word_1_164' title='bbox 239 3517 282 3554; x_wconf 83' lang='lat' dir='ltr'><strong><em>nr.</em></strong></span> <span class='ocrx_word' id='word_1_165' title='bbox 304 3503 347 3554; x_wconf 88' lang='lat'><strong><em>18:</em></strong></span> <span class='ocrx_word' id='word_1_166' title='bbox 367 3501 461 3555; x_wconf 74' lang='lat' dir='ltr'><strong><em>ceritis:</em></strong></span> <span class='ocrx_word' id='word_1_167' title='bbox 479 3501 622 3556; x_wconf 80' lang='lat' dir='ltr'><strong><em>deliciosis.</em></strong></span> <span class='ocrx_word' id='word_1_168' title='bbox 641 3503 686 3556; x_wconf 86' lang='lat' dir='ltr'><strong><em>Ad</em></strong></span> <span class='ocrx_word' id='word_1_169' title='bbox 704 3522 730 3556; x_wconf 91' lang='lat' dir='ltr'><strong><em>v.</em></strong></span> <span class='ocrx_word' id='word_1_170' title='bbox 748 3505 799 3556; x_wconf 91' lang='grc'><strong><em>192</em></strong></span> <span class='ocrx_word' id='word_1_171' title='bbox 817 3505 910 3556; x_wconf 81' lang='lat' dir='ltr'><strong><em>autem</em></strong></span> <span class='ocrx_word' id='word_1_172' title='bbox 929 3501 1010 3556; x_wconf 82' lang='lat' dir='ltr'><strong><em>Valle</em></strong></span> <span class='ocrx_word' id='word_1_173' title='bbox 1029 3502 1159 3555; x_wconf 81' lang='lat' dir='ltr'><strong><em>adnotet:</em></strong></span> <span class='ocrx_word' id='word_1_174' title='bbox 1181 3500 1240 3554; x_wconf 85' lang='lat' dir='ltr'><strong><em>Aut</em></strong></span> <span class='ocrx_word' id='word_1_175' title='bbox 1257 3501 1387 3569; x_wconf 82' lang='lat' dir='ltr'><strong><em>simplici·</em></strong></span> 
     </span>
     <span class='ocr_line' id='line_1_29' title="bbox 239 3588 1387 3660; baseline 0.003 -19"><span class='ocrx_word' id='word_1_176' title='bbox 239 3588 288 3642; x_wconf 87' lang='lat' dir='ltr'><strong><em>bus</em></strong></span> <span class='ocrx_word' id='word_1_177' title='bbox 304 3589 403 3658; x_wconf 81' lang='lat' dir='ltr'><strong><em>pabiis.</em></strong></span> <span class='ocrx_word' id='word_1_178' title='bbox 427 3591 526 3659; x_wconf 75' lang='lat' dir='ltr'><strong><em>qnippe</em></strong></span> <span class='ocrx_word' id='word_1_179' title='bbox 543 3592 612 3659; x_wconf 72' lang='lat' dir='ltr'><strong><em>festo</em></strong></span> <span class='ocrx_word' id='word_1_180' title='bbox 631 3591 675 3645; x_wconf 82' lang='lat' dir='ltr'><strong><em>die</em></strong></span> <span class='ocrx_word' id='word_1_181' title='bbox 692 3607 741 3646; x_wconf 87' lang='lat' dir='ltr'><strong><em>suo</em></strong></span> <span class='ocrx_word' id='word_1_182' title='bbox 758 3591 926 3660; x_wconf 77' lang='lat' dir='ltr'><strong><em>simplicibus</em></strong></span> <span class='ocrx_word' id='word_1_183' title='bbox 944 3595 975 3644; x_wconf 91' lang='lat' dir='ltr'><strong><em>ut</em></strong></span> <span class='ocrx_word' id='word_1_184' title='bbox 990 3591 1093 3659; x_wconf 82' lang='lat' dir='ltr'><strong><em>probus</em></strong></span> <span class='ocrx_word' id='word_1_185' title='bbox 1108 3594 1192 3658; x_wconf 86' lang='lat' dir='ltr'><strong><em>putot</em></strong></span> <span class='ocrx_word' id='word_1_186' title='bbox 1209 3605 1264 3644; x_wconf 91' lang='lat' dir='ltr'><strong><em>non</em></strong></span> <span class='ocrx_word' id='word_1_187' title='bbox 1281 3591 1387 3644; x_wconf 87' lang='lat' dir='ltr'><strong><em>ornatis</em></strong></span> 
     </span>
     <span class='ocr_line' id='line_1_30' title="bbox 240 3676 1386 3734; baseline 0.003 -5"><span class='ocrx_word' id='word_1_188' title='bbox 240 3715 308 3731; x_wconf 90' lang='lat'><strong><em>....</em></strong></span> <span class='ocrx_word' id='word_1_189' title='bbox 326 3677 406 3732; x_wconf 87' lang='lat' dir='ltr'><strong><em>Unde</em></strong></span> <span class='ocrx_word' id='word_1_190' title='bbox 427 3679 502 3733; x_wconf 81' lang='lat' dir='ltr'><strong><em>heud</em></strong></span> <span class='ocrx_word' id='word_1_191' title='bbox 519 3681 624 3732; x_wconf 85' lang='lat' dir='ltr'><strong><em>temere</em></strong></span> <span class='ocrx_word' id='word_1_192' title='bbox 642 3679 762 3734; x_wconf 81' lang='lat' dir='ltr'><strong><em>conicias</em></strong></span> <span class='ocrx_word' id='word_1_193' title='bbox 782 3680 855 3733; x_wconf 87' lang='lat' dir='ltr'><strong><em>inter</em></strong></span> <span class='ocrx_word' id='word_1_194' title='bbox 873 3678 940 3733; x_wconf 78' lang='lat' dir='ltr'><strong><em>haec</em></strong></span> <span class='ocrx_word' id='word_1_195' title='bbox 959 3678 1013 3732; x_wconf 88' lang='lat' dir='ltr'><strong><em>duo</em></strong></span> <span class='ocrx_word' id='word_1_196' title='bbox 1035 3678 1071 3732; x_wconf 87' lang='lat' dir='ltr'><strong><em>ed</em></strong></span> <span class='ocrx_word' id='word_1_197' title='bbox 1083 3695 1127 3731; x_wconf 84' lang='lat' dir='ltr'><strong><em>vv.</em></strong></span> <span class='ocrx_word' id='word_1_198' title='bbox 1139 3676 1192 3731; x_wconf 85' lang='grc'><strong><em>189</em></strong></span> <span class='ocrx_word' id='word_1_199' title='bbox 1205 3682 1234 3732; x_wconf 86' lang='lat' dir='ltr'><strong><em>et</em></strong></span> <span class='ocrx_word' id='word_1_200' title='bbox 1247 3679 1298 3731; x_wconf 88' lang='grc'><strong><em>192</em></strong></span> <span class='ocrx_word' id='word_1_201' title='bbox 1309 3677 1386 3732; x_wconf 84' lang='lat' dir='ltr'><strong><em>eoho-</em></strong></span> 
     </span>
     <span class='ocr_line' id='line_1_31' title="bbox 240 3764 1192 3836; baseline 0.002 -19"><span class='ocrx_word' id='word_1_202' title='bbox 240 3764 278 3818; x_wconf 84' lang='lat' dir='ltr'><strong><em>lis</em></strong></span> <span class='ocrx_word' id='word_1_203' title='bbox 297 3765 354 3818; x_wconf 80' lang='lat' dir='ltr'><strong><em>alie</em></strong></span> <span class='ocrx_word' id='word_1_204' title='bbox 371 3765 401 3818; x_wconf 91' lang='lat' dir='ltr'><strong><em>in</em></strong></span> <span class='ocrx_word' id='word_1_205' title='bbox 419 3765 547 3836; x_wconf 79' lang='lat' dir='ltr'><strong><em>margine</em></strong></span> <span class='ocrx_word' id='word_1_206' title='bbox 565 3765 667 3820; x_wconf 87' lang='lat' dir='ltr'><strong><em>codicis</em></strong></span> <span class='ocrx_word' id='word_1_207' title='bbox 686 3766 811 3820; x_wconf 86' lang='lat' dir='ltr'><strong><em>Vellieni</em></strong></span> <span class='ocrx_word' id='word_1_208' title='bbox 829 3784 885 3820; x_wconf 91' lang='lat' dir='ltr'><strong><em>non</em></strong></span> <span class='ocrx_word' id='word_1_209' title='bbox 906 3766 1052 3820; x_wconf 70' lang='lat' dir='ltr'><strong><em>exstitisse.</em></strong></span> <span class='ocrx_word' id='word_1_210' title='bbox 1191 3823 1192 3826; x_wconf 8' lang='grc' dir='ltr'><strong>Ἴ</strong></span> 
     </span>
    </p>

    <p class='ocr_par' dir='ltr' id='par_1_12' title="bbox 238 3852 1387 4190">
     <span class='ocr_line' id='line_1_32' title="bbox 339 3852 1387 3924; baseline -0.003 -16"><span class='ocrx_word' id='word_1_211' title='bbox 339 3855 348 3884; x_wconf 77' lang='lat'>²</span> <span class='ocrx_word' id='word_1_212' title='bbox 367 3853 460 3908; x_wconf 82' lang='lat' dir='ltr'><strong><em>Valla:</em></strong></span> <span class='ocrx_word' id='word_1_213' title='bbox 483 3853 569 3910; x_wconf 83' lang='lat' dir='ltr'><strong><em>Tenui</em></strong></span> <span class='ocrx_word' id='word_1_214' title='bbox 585 3854 698 3910; x_wconf 78' lang='lat' dir='ltr'><strong><em>tibicine</em></strong></span> <span class='ocrx_word' id='word_1_215' title='bbox 715 3856 822 3924; x_wconf 73' lang='lat' dir='ltr'><strong><em>fultam.</em></strong></span> <span class='ocrx_word' id='word_1_216' title='bbox 841 3855 963 3909; x_wconf 82' lang='lat' dir='ltr'><strong><em>tibicines</em></strong></span> <span class='ocrx_word' id='word_1_217' title='bbox 981 3854 1154 3924; x_wconf 87' lang='lat' dir='ltr'><strong><em>appellantur</em></strong></span> <span class='ocrx_word' id='word_1_218' title='bbox 1166 3853 1316 3908; x_wconf 86' lang='lat' dir='ltr'><strong><em>columellae</em></strong></span> <span class='ocrx_word' id='word_1_219' title='bbox 1329 3852 1387 3921; x_wconf 74' lang='lat' dir='ltr'><strong><em>qui·</em></strong></span> 
     </span>
     <span class='ocr_line' id='line_1_33' title="bbox 239 3939 1386 4012; baseline -0.001 -18"><span class='ocrx_word' id='word_1_220' title='bbox 239 3941 288 3994; x_wconf 86' lang='lat' dir='ltr'><strong><em>bus</em></strong></span> <span class='ocrx_word' id='word_1_221' title='bbox 305 3941 402 3996; x_wconf 84' lang='lat' dir='ltr'><strong><em>rustici</em></strong></span> <span class='ocrx_word' id='word_1_222' title='bbox 419 3947 490 3998; x_wconf 87' lang='lat' dir='ltr'><strong><em>tecta</em></strong></span> <span class='ocrx_word' id='word_1_223' title='bbox 508 3960 560 3998; x_wconf 84' lang='lat' dir='ltr'><strong><em>sua</em></strong></span> <span class='ocrx_word' id='word_1_224' title='bbox 576 3943 675 4010; x_wconf 81' lang='lat' dir='ltr'><strong><em>fulcire</em></strong></span> <span class='ocrx_word' id='word_1_225' title='bbox 692 3944 787 3998; x_wconf 87' lang='lat' dir='ltr'><strong><em>solent.</em></strong></span> <span class='ocrx_word' id='word_1_226' title='bbox 805 3942 876 3998; x_wconf 89' lang='lat' dir='ltr'><strong><em>unde</em></strong></span> <span class='ocrx_word' id='word_1_227' title='bbox 891 3942 949 3997; x_wconf 87' lang='lat' dir='ltr'><strong><em>Vir.</em></strong></span> <span class='ocrx_word' id='word_1_228' title='bbox 961 3958 1010 4012; x_wconf 87' lang='lat' dir='ltr'><strong><em>per</em></strong></span> <span class='ocrx_word' id='word_1_229' title='bbox 1023 3942 1232 3996; x_wconf 75' lang='lat' dir='ltr'><strong><em>translationem</em></strong></span> <span class='ocrx_word' id='word_1_230' title='bbox 1245 3957 1297 3994; x_wconf 89' lang='lat' dir='ltr'><strong><em>sua</em></strong></span> <span class='ocrx_word' id='word_1_231' title='bbox 1307 3939 1386 3994; x_wconf 77' lang='lat' dir='ltr'><strong><em>beni·</em></strong></span> 
     </span>
     <span class='ocr_line' id='line_1_34' title="bbox 238 4027 1386 4096; baseline -0.003 -14"><span class='ocrx_word' id='word_1_232' title='bbox 238 4029 338 4084; x_wconf 87' lang='lat' dir='ltr'><strong><em>sticbio</em></strong></span> <span class='ocrx_word' id='word_1_233' title='bbox 356 4030 479 4085; x_wconf 88' lang='lat' dir='ltr'><strong><em>tibicines</em></strong></span> <span class='ocrx_word' id='word_1_234' title='bbox 498 4033 659 4087; x_wconf 60' lang='grc' dir='ltr'><strong><em>«108αυί8-</em></strong></span> <span class='ocrx_word' id='word_1_235' title='bbox 678 4031 768 4086; x_wconf 85' lang='lat' dir='ltr'><strong><em>Schol.</em></strong></span> <span class='ocrx_word' id='word_1_236' title='bbox 783 4031 860 4086; x_wconf 88' lang='lat' dir='ltr'><strong><em>codd.</em></strong></span> <span class='ocrx_word' id='word_1_237' title='bbox 876 4031 954 4085; x_wconf 90' lang='lat' dir='ltr'><strong><em>Leid.</em></strong></span> <span class='ocrx_word' id='word_1_238' title='bbox 972 4031 1048 4085; x_wconf 86' lang='lat' dir='ltr'><strong><em>Voss.</em></strong></span> <span class='ocrx_word' id='word_1_239' title='bbox 1068 4048 1110 4083; x_wconf 88' lang='lat' dir='ltr'><strong><em>nr.</em></strong></span> <span class='ocrx_word' id='word_1_240' title='bbox 1125 4031 1156 4082; x_wconf 89' lang='grc'><strong><em>18</em></strong></span> <span class='ocrx_word' id='word_1_241' title='bbox 1176 4033 1205 4083; x_wconf 85' lang='lat' dir='ltr'><strong><em>et</em></strong></span> <span class='ocrx_word' id='word_1_242' title='bbox 1222 4029 1290 4082; x_wconf 92' lang='lat' dir='ltr'><strong><em>bibl.</em></strong></span> <span class='ocrx_word' id='word_1_243' title='bbox 1309 4027 1386 4096; x_wconf 89' lang='lat' dir='ltr'><strong><em>publ.</em></strong></span> 
     </span>
     <span class='ocr_line' id='line_1_35' title="bbox 239 4115 1387 4190; baseline 0 -22"><span class='ocrx_word' id='word_1_244' title='bbox 239 4133 281 4170; x_wconf 86' lang='lat' dir='ltr'><strong><em>nr.</em></strong></span> <span class='ocrx_word' id='word_1_245' title='bbox 296 4119 346 4170; x_wconf 78' lang='lat'><strong><em>82:</em></strong></span> <span class='ocrx_word' id='word_1_246' title='bbox 370 4155 463 4172; x_wconf 89' lang='lat'><strong><em>.....</em></strong></span> <span class='ocrx_word' id='word_1_247' title='bbox 481 4120 520 4173; x_wconf 79' lang='lat' dir='ltr'><strong><em>At</em></strong></span> <span class='ocrx_word' id='word_1_248' title='bbox 539 4119 734 4190; x_wconf 79' lang='lat' dir='ltr'><strong><em>(legendumne</em></strong></span> <span class='ocrx_word' id='word_1_249' title='bbox 752 4120 841 4174; x_wconf 80' lang='lat' dir='ltr'><strong><em>Aliter</em></strong></span> <span class='ocrx_word' id='word_1_250' title='bbox 848 4119 874 4189; x_wconf 76' lang='lat' dir='ltr'><strong><em>l)</em></strong></span> <span class='ocrx_word' id='word_1_251' title='bbox 901 4119 1036 4174; x_wconf 79' lang='lat' dir='ltr'><strong><em>Tibicines</em></strong></span> <span class='ocrx_word' id='word_1_252' title='bbox 1054 4124 1119 4172; x_wconf 88' lang='lat' dir='ltr'><strong><em>sunt</em></strong></span> <span class='ocrx_word' id='word_1_253' title='bbox 1137 4117 1273 4171; x_wconf 87' lang='lat' dir='ltr'><strong><em>columnae</em></strong></span> <span class='ocrx_word' id='word_1_254' title='bbox 1290 4115 1387 4184; x_wconf 75' lang='lat' dir='ltr'><strong><em>quibus</em></strong></span> 
     </span>
    </p>
   </div>
   <div class='ocr_carea' id='block_1_7' title="bbox 237 4202 1386 4366">
    <p class='ocr_par' dir='ltr' id='par_1_13' title="bbox 237 4202 1386 4366">
     <span class='ocr_line' id='line_1_36' title="bbox 237 4202 1386 4278; baseline -0.003 -20"><span class='ocrx_word' id='word_1_255' title='bbox 237 4204 338 4258; x_wconf 82' lang='lat' dir='ltr'><strong><em>rustici</em></strong></span> <span class='ocrx_word' id='word_1_256' title='bbox 364 4221 417 4259; x_wconf 84' lang='lat' dir='ltr'><strong><em>sua</em></strong></span> <span class='ocrx_word' id='word_1_257' title='bbox 443 4211 514 4261; x_wconf 88' lang='lat' dir='ltr'><strong><em>tecta</em></strong></span> <span class='ocrx_word' id='word_1_258' title='bbox 536 4209 665 4274; x_wconf 77' lang='lat' dir='ltr'><strong><em>fulciunt.</em></strong></span> <span class='ocrx_word' id='word_1_259' title='bbox 708 4209 784 4264; x_wconf 86' lang='lat' dir='ltr'><strong><em>Unde</em></strong></span> <span class='ocrx_word' id='word_1_260' title='bbox 808 4208 936 4278; x_wconf 81' lang='lat' dir='ltr'><strong><em>cirpilius</em></strong></span> <span class='ocrx_word' id='word_1_261' title='bbox 959 4223 1009 4276; x_wconf 87' lang='lat' dir='ltr'><strong><em>per</em></strong></span> <span class='ocrx_word' id='word_1_262' title='bbox 1031 4205 1236 4261; x_wconf 86' lang='lat' dir='ltr'><strong><em>translationem</em></strong></span> <span class='ocrx_word' id='word_1_263' title='bbox 1260 4202 1386 4258; x_wconf 87' lang='lat' dir='ltr'><strong><em>tibicines</em></strong></span> 
     </span>
     <span class='ocr_line' id='line_1_37' title="bbox 239 4290 1386 4366; baseline -0.001 -23"><span class='ocrx_word' id='word_1_264' title='bbox 239 4297 316 4344; x_wconf 83' lang='lat' dir='ltr'><strong><em>uocat</em></strong></span> <span class='ocrx_word' id='word_1_265' title='bbox 336 4292 485 4348; x_wconf 85' lang='lat' dir='ltr'><strong><em>emistiobia</em></strong></span> <span class='ocrx_word' id='word_1_266' title='bbox 503 4309 563 4348; x_wconf 85' lang='lat' dir='ltr'><strong><em>sua.</em></strong></span> <span class='ocrx_word' id='word_1_267' title='bbox 601 4296 641 4350; x_wconf 83' lang='lat' dir='ltr'><strong><em>cf.</em></strong></span> <span class='ocrx_word' id='word_1_268' title='bbox 655 4297 760 4360; x_wconf 73' lang='lat' dir='ltr'><strong><em>Duueti</em></strong></span> <span class='ocrx_word' id='word_1_269' title='bbox 778 4297 828 4352; x_wconf 87' lang='lat' dir='ltr'><strong><em>vit.</em></strong></span> <span class='ocrx_word' id='word_1_270' title='bbox 841 4296 923 4366; x_wconf 83' lang='lat' dir='ltr'><strong><em>Verg.</em></strong></span> <span class='ocrx_word' id='word_1_271' title='bbox 944 4295 999 4365; x_wconf 87' lang='lat' dir='ltr'><strong><em>(up.</em></strong></span> <span class='ocrx_word' id='word_1_272' title='bbox 1012 4292 1219 4349; x_wconf 79' lang='lat' dir='ltr'><strong><em>Reifferscheid.</em></strong></span> <span class='ocrx_word' id='word_1_273' title='bbox 1237 4291 1313 4345; x_wconf 85' lang='lat' dir='ltr'><strong><em>Suet.</em></strong></span> <span class='ocrx_word' id='word_1_274' title='bbox 1326 4290 1386 4343; x_wconf 87' lang='lat' dir='ltr'><strong><em>rell.</em></strong></span> 
     </span>
    </p>
   </div>
   <div class='ocr_carea' id='block_1_8' title="bbox 239 4378 1385 4522">
    <p class='ocr_par' dir='ltr' id='par_1_14' title="bbox 239 4378 1385 4522">
     <span class='ocr_line' id='line_1_38' title="bbox 239 4378 1385 4522; baseline 0.001 -92"><span class='ocrx_word' id='word_1_275' title='bbox 239 4395 266 4446; x_wconf 87' lang='lat' dir='ltr'><strong><em>p.</em></strong></span> <span class='ocrx_word' id='word_1_276' title='bbox 287 4381 321 4431; x_wconf 87' lang='grc'><strong><em>60</em></strong></span> <span class='ocrx_word' id='word_1_277' title='bbox 329 4420 354 4522; x_wconf 70' lang='lat' dir='ltr'><strong><em>‚v</em></strong></span> <span class='ocrx_word' id='word_1_278' title='bbox 355 4397 400 4449; x_wconf 83' lang='lat' dir='ltr'><strong><em>ep.</em></strong></span> <span class='ocrx_word' id='word_1_279' title='bbox 418 4380 525 4450; x_wconf 78' lang='lat' dir='ltr'><strong><em>Hagen.</em></strong></span> <span class='ocrx_word' id='word_1_280' title='bbox 545 4383 574 4436; x_wconf 90' lang='lat' dir='ltr'><strong><em>in</em></strong></span> <span class='ocrx_word' id='word_1_281' title='bbox 593 4384 726 4439; x_wconf 84' lang='lat' dir='ltr'><strong><em>Fleckeis.</em></strong></span> <span class='ocrx_word' id='word_1_282' title='bbox 748 4403 810 4440; x_wconf 82' lang='lat' dir='ltr'><strong><em>unu.</em></strong></span> <span class='ocrx_word' id='word_1_283' title='bbox 830 4385 921 4455; x_wconf 89' lang='lat' dir='ltr'><strong><em>suppl.</em></strong></span> <span class='ocrx_word' id='word_1_284' title='bbox 941 4384 979 4442; x_wconf 88' lang='lat' dir='ltr'><strong><em>IV</em></strong></span> <span class='ocrx_word' id='word_1_285' title='bbox 997 4402 1024 4454; x_wconf 92' lang='lat' dir='ltr'><strong><em>p.</em></strong></span> <span class='ocrx_word' id='word_1_286' title='bbox 1036 4383 1099 4453; x_wconf 83' lang='grc'>737)</span> <span class='ocrx_word' id='word_1_287' title='bbox 1117 4385 1146 4436; x_wconf 83' lang='lat' dir='ltr'><strong><em>et</em></strong></span> <span class='ocrx_word' id='word_1_288' title='bbox 1166 4381 1242 4436; x_wconf 84' lang='lat' dir='ltr'><strong><em>Serv.</em></strong></span> <span class='ocrx_word' id='word_1_289' title='bbox 1254 4379 1290 4434; x_wconf 80' lang='lat' dir='ltr'><strong><em>cd</em></strong></span> <span class='ocrx_word' id='word_1_290' title='bbox 1302 4378 1385 4446; x_wconf 80' lang='lat' dir='ltr'><strong><em>Verg.</em></strong></span> 
     </span>
     <span class='ocr_line' id='line_1_39' title="bbox 241 4467 447 4522; baseline 0.019 -4"><span class='ocrx_word' id='word_1_291' title='bbox 241 4467 310 4520; x_wconf 83' lang='lat' dir='ltr'><strong><em>Aen.</em></strong></span> <span class='ocrx_word' id='word_1_292' title='bbox 355 4467 368 4520; x_wconf 94' lang='lat' dir='ltr'><strong><em>l</em></strong></span> <span class='ocrx_word' id='word_1_293' title='bbox 388 4469 447 4522; x_wconf 86' lang='grc'>186.</span> 
     </span>
    </p>
   </div>
   <div class='ocr_carea' id='block_1_9' title="bbox 1171 4584 1189 4636">
    <p class='ocr_par' dir='ltr' id='par_1_15' title="bbox 1171 4584 1189 4636">
     <span class='ocr_line' id='line_1_40' title="bbox 1171 4584 1189 4636; baseline 0 0"><span class='ocrx_word' id='word_1_294' title='bbox 1171 4584 1189 4636; x_wconf 81' lang='lat'>4</span> 
     </span>
    </p>
   </div>
   <div class='ocr_carea' id='block_1_10' title="bbox 0 0 1641 4914">
    <p class='ocr_par' dir='ltr' id='par_1_16' title="bbox 0 0 1641 4914">
     <span class='ocr_line' id='line_1_41' title="bbox 0 0 1641 4914; baseline 0 0"><span class='ocrx_word' id='word_1_295' title='bbox 0 0 1641 4914; x_wconf 95' lang='lat' dir='ltr'><strong><em> </em></strong></span> 
     </span>
    </p>
   </div>
  </div>
 </body>
</html>
