3250 4914
783 292 817 347 81

228 471 301 528 lium
328 468 522 528 Pithoeauum
550 471 580 528 in
607 469 707 528 codice
731 469 835 527 Vallae
864 487 898 528 eo
926 467 1079 544 probatur,
1113 466 1192 544 qnod
1224 466 1372 543 reliquam

229 570 292 628 eius
307 574 423 646 partem
438 569 583 645 adhibuit,
610 588 676 628 cum
698 569 729 628 id
745 568 824 647 quod
846 569 982 646 sequitur
996 569 1290 644 interpretamentum
1306 586 1372 626 con·

228 669 386 728 scriberet:
421 671 519 730 Miser
539 675 567 729 et
588 671 672 744 fraqi
685 714 691 729 .
705 671 831 730 Marcios
857 671 974 742 apicius
1000 668 1069 741 ficit,
1100 669 1128 726 si·
1149 685 1214 726 cum
1242 669 1373 740 miserim

149 763 151 768 ’
181 815 183 818 -
227 773 416 842 comparetur,
450 788 514 830 cmm
535 771 586 830 itte
605 771 692 843 patae
718 770 1059 842 haherctarecemptam
1085 763 1138 844 (cf,
1162 767 1255 827 schol.
1279 766 1371 826 Pith.:

227 870 288 942 fait
308 887 377 929 acm
398 871 561 944 coemptam
580 871 675 944 patae.
720 871 785 931 Hoc
808 873 839 929 ta
853 859 966 948 {trapi}
990 869 1031 930 ad
1047 869 1293 942 cmaparatioraem
1307 867 1372 928 Ori-

227 969 330 1044 sma·
745 1042 747 1046 ,

328 1067 401 1129 Oum
423 1071 515 1146 igitur
537 1071 593 1130 hoc
626 1071 655 1128 in
679 1089 787 1147 genere
810 1071 917 1130 Vallae
936 1069 1026 1128 fidem
1057 1068 1214 1128 defendere
1243 1068 1372 1145 potueri·

228 1189 303 1244 mus,
325 1171 357 1228 in
379 1171 438 1228 alia
459 1189 492 1228 re
511 1171 590 1230 idem
610 1189 669 1240 nnn
690 1171 780 1229 licere
795 1170 988 1230 vehementer
1003 1168 1147 1228 dolemus.
1192 1166 1279 1235 Quod
1296 1169 1372 1226 enim

228 1272 286 1330 iam
313 1277 399 1330 antea
422 1268 578 1330 Oramerus
604 1267 637 1345 (l.
662 1291 685 1331 c.
708 1291 737 1348 p.
761 1272 779 1330 5
803 1265 902 1345 exta),
938 1269 1110 1346 Sohopsnus
1134 1264 1165 1344 (l.
1189 1288 1212 1328 c.
1235 1289 1264 1344 p.
1288 1263 1371 1341 328),

228 1371 351 1430 Iahnius
383 1365 486 1448 (prell.
510 1371 547 1428 ad
570 1370 651 1429 Pers.
674 1390 703 1447 p.
728 1365 830 1444 CLV),
863 1369 1007 1428 Matthiae
1029 1363 1063 1446 (l.
1088 1388 1164 1445 ap.
1189 1363 1231 1441 2),
1265 1367 1372 1427 Straeh

228 1465 262 1548 (l.
286 1490 310 1530 c.
332 1491 361 1548 p.
384 1467 416 1546 3)
442 1470 583 1531 viderunt
608 1475 697 1548 atque
724 1470 966 1544 adfirmaverunt,
997 1469 1028 1528 id
1049 1489 1103 1529 nos
1130 1487 1248 1546 queque
1268 1469 1372 1526 Vallae

228 1573 469 1631 commentarium
492 1573 657 1630 accuratius
680 1571 857 1648 perscrutati
879 1589 984 1631 verum
1006 1589 1071 1629 esse
1097 1569 1310 1645 cognovimus:
1326 1588 1372 1627 ra·

226 1673 345 1730 rissime
366 1657 484 1746 integra
510 1671 689 1730 scholiastae
711 1671 805 1730 verba
829 1670 942 1741 adfert3
975 1670 1053 1729 solet
1074 1688 1146 1729 vero
1169 1669 1259 1728 Probi
1283 1669 1372 1726 inter·

227 1777 411 1848 pretamenta
433 1778 484 1830 aut
505 1771 606 1832 verbis
630 1778 681 1829 aut
695 1771 858 1830 verborum
880 1769 983 1837 ordine
1004 1770 1177 1845 immutatis,
1200 1769 1267 1826 aliis
1284 1769 1371 1828 emis·

228 1873 279 1950 sis,
304 1872 372 1930 aliis
395 1871 513 1944 additis,
541 1870 778 1942 contaminanda,
807 1869 1000 1944 detrahendo,
1034 1869 1239 1946 interpolando
1262 1869 1305 1928 ita
1325 1886 1371 1926 re·

227 1972 365 2047 formare,
397 1979 431 2030 nt
456 1973 629 2048 saepissime
662 1972 709 2030 sui
729 1990 852 2047 prorsus
885 1971 1044 2028 dissimilia
1074 1970 1233 2030 evaserint.
1285 1965 1372 2034 Quod

228 2090 294 2130 eum
315 2075 445 2132 maxima
476 2073 679 2150 exemplorum
701 2073 786 2148 eopia
813 2073 981 2131 confirmari
1002 2072 1107 2148 possit,
1140 2089 1177 2128 ne
1199 2071 1229 2127 in
1251 2069 1372 2128 nimiam

227 2174 336 2233 molem
357 2173 407 2232 hic
427 2173 550 2232 libellus
570 2178 732 2248 excrescat,
758 2172 857 2232 locum
877 2192 967 2230 unum
990 2177 1079 2250 atque
1100 2177 1134 2229 ut
1156 2169 1230 2228 mihi
1253 2168 1373 2245 quidem

227 2274 347 2336 videtur
374 2277 502 2334 maxims
533 2275 671 2335 idoneum
705 2294 742 2334 ex
769 2273 876 2333 Vallae
904 2273 1113 2332 commentario
1141 2271 1297 2346 decerpam
1323 2266 1372 2326 ad-

228 2376 415 2466 scribamque
442 2375 589 2435 echoliam
610 2373 813 2449 Pithoeanum,
844 2379 878 2432 ut
900 2374 999 2450 quivis
1027 2374 1092 2450 ipse
1113 2371 1210 2448 possit
1231 2369 1371 2430 iudicare.

723 2475 773 2534 Ad
794 2475 810 2532 I
833 2474 872 2532 35

447 2577 551 2637 Valla:
910 2574 993 2634 codd.
1016 2573 1109 2632 hient.
1132 2577 1161 2631 et
1178 2570 1287 2647 Sanga

290 2675 379 2751 Quem
406 2694 505 2736 massa
535 2679 623 2736 timet.
650 2694 750 2736 massa
765 2695 775 2732 .·
889 2673 972 2746 Quod
983 2677 1116 2746 superest
1131 2664 1241 2746 ,ΜΛ
1266 2672 1372 2730 Massa

227 2781 259 2835 at
278 2778 389 2849 promas
410 2778 507 2850 imperit
520 2797 530 2834 .·
544 2779 637 2836 morio
663 2777 776 2835 traiani
826 2774 918 2831 mmio
939 2772 1031 2844 faisse
1059 2773 1178 2843 dicitur,

228 2876 297 2947 fait.
334 2877 454 2935 Ptimias
475 2879 573 2936 tarnem
593 2877 626 2934 ira
646 2876 776 2948 epistolis

230 2973 288 3046 (VI
312 2977 360 3048 29,
387 2975 427 3048 7).
457 2977 532 3049 affai
562 2977 660 3036 heti'cis
680 2977 776 3050 mouit

228 3078 330 3136 contra
356 3077 465 3136 tetiam
487 3075 623 3136 Massam
650 3120 657 3134 .
680 3080 707 3135 ct
734 3080 777 3136 ta·

227 3176 302 3235 citas
322 3177 357 3235 ira
385 3170 598 3250 hystoria-(IV
621 3173 674 3249 50)
705 3177 776 3235 teti·

227 3293 369 3336 msmassc
392 3292 409 3324 a
423 3277 667 3350 procuratoribus
676 3277 776 3350 optri-

227 3391 276 3436 cae
295 3377 356 3436 iam
375 3381 437 3436 tmm
464 3379 569 3450 optimo
591 3378 692 3452 emique
713 3377 776 3435 ecci·

228 3477 330 3536 tiosms.
388 3475 476 3550 Quem
512 3493 633 3536 mamere
669 3478 777 3550 palpat

227 3593 324 3636 caras.
370 3576 465 3636 Caras
481 3577 703 3652 imquitPrcbms
723 3598 775 3640 ma·
826 3581 853 3638 et
875 3577 971 3640 Oaros
991 3595 1099 3650 mamas,

227 3691 283 3734 mors
303 3675 364 3746 fait
385 3678 506 3736 traiani.
538 3679 659 3739 Ptmias
679 3683 777 3739 catam

228 3776 259 3833 im
279 3777 411 3849 epistolis
432 3773 461 3852 (I
483 3777 512 3854 5,
535 3779 569 3851 33
593 3779 657 3839 VII
680 3781 729 3850 19,
744 3776 775 3852 5)

227 3877 345 3934 aretiam
374 3894 476 3937 caram
504 3879 648 3954 quemdam
684 3880 775 3938 momi-

227 3979 290 4034 rmt.
327 3977 437 4050 Paipat
455 3979 606 4038 blanditer
620 3979 698 4037 made
711 3977 775 4050 pct-

225 4091 328 4148 pomcs.
371 4079 499 4138 Plautus
525 4081 557 4138 im
579 4065 775 4152 amphitrione

147 4195 157 4203 ’
230 4168 259 4247 (Ι
282 4175 311 4250 3,
332 4171 384 4250 28)
407 4179 541 4238 timidam
559 4179 651 4252 palpo
669 4195 774 4250 perca·

228 4274 272 4332 tit.
321 4275 448 4335 thaneto
480 4269 636 4338 summissa
671 4279 774 4338 latiae.

229 4373 360 4434 Latinas
380 4379 462 4436 actor
478 4376 557 4448 fait.
574 4380 585 4436 t
602 4421 608 4436 .
624 4378 773 4436 minimas.
889 4377 1018 4436 Latinas
1041 4395 1108 4436 acro
1129 4383 1211 4438 actor
1229 4381 1371 4441 mamma

228 4467 305 4535 mices
327 4468 395 4536 acati
418 4477 449 4537 tei
471 4478 611 4551 saerrmt:
640 4481 681 4537 at
700 4493 774 4536 mea
825 4477 856 4536 hi
878 4491 975 4538 marces
989 4477 1118 4537 Neronis
1139 4478 1261 4550 fuerant
1275 4479 1358 4538 tito·
