3266 4914
465 1287 545 1352 151Β

462 1388 543 1450 153⁴

448 1494 523 1551 ο154
549 1498 661 1551 utrum-

226 1607 284 1665 155
449 1588 552 1668 55511)
562 1589 672 1651 scheid

750 1693 808 1750 156
819 1690 832 1728 ⁶

463 1791 523 1848 158
553 1789 652 1848 omnia

544 1887 658 1950 schol.²

227 2035 424 2044 ——

325 2145 335 2175 ¹
354 2144 447 2198 Valla:
466 2145 519 2200 051
539 2175 571 2184 -
591 2144 676 2199 ardet.
696 2143 838 2198 indotatae
855 2149 880 2198 et
898 2148 937 2198 est
953 2144 1013 2197 alia
1031 2143 1248 2214 anthypophora.

326 2231 447 2286 ²Valla:
477 2232 575 2287 Lauet.
606 2231 636 2286 in
662 2247 747 2301 rupus
774 2230 956 2286 contrahatur
982 2246 1041 2285 cnm
1059 2236 1178 2286 tenedus
1196 2231 1276 2301 quasi
1294 2232 1370 2287 intra

223 2322 308 2372 55155
325 2335 353 2374 se
369 2321 525 2389 recaeperit.

324 2409 336 2441 ⁸
357 2408 451 2463 Valla:
471 2409 577 2463 Pueros
595 2423 692 2462 munes.
710 2407 876 2462 seruitiorum
896 2405 1105 2461 multitudinem.

325 2497 336 2528 ⁴
354 2495 446 2550 Valla:
467 2494 532 2550 (lum
545 2525 578 2534 —
592 2496 671 2550 iason
683 2496 801 2550 clausus.
821 2499 869 2550 551
883 2495 1002 2564 satyrice
1014 2532 1021 2546 ·
1036 2535 1042 2548 .
1056 2534 1062 2549 .
1077 2535 1083 2548 .
1097 2499 1146 2549 cut
1157 2494 1228 2564 qnod
1239 2500 1371 2562 mercator

223 2583 309 2650 fuerit
327 2589 351 2638 et
370 2584 450 2638 huius
478 2585 575 2640 mercis
605 2583 797 2654 nepotiatorem
826 2581 949 2636 ἀπὸτοῦ
976 2578 1112 2653 ὀνόματος
1142 2587 1273 2650 tanquam
1299 2583 1369 2637 satis

224 2677 316 2726 notum
333 2672 414 2726 discit.
435 2671 476 2726 ef.
496 2671 632 2741 Schopcni
651 2672 731 2726 adh.
751 2671 836 2725 schol.
857 2671 1066 2724 adnotationem
1085 2671 1102 2723 1.
1123 2687 1145 2724 5.
1163 2687 1191 2739 p.
1210 2673 1269 2724 380.

325 2759 447 2814 ⁵Valla:
479 2759 564 2814 Iason
585 2761 703 2814 clausus.
727 2760 797 2826 torte
817 2758 954 2826 porticum
974 2758 1155 2828 apripporum
1177 2757 1243 2812 dicit
1265 2758 1296 2812 in
1314 2775 1368 2827 qua

227 2851 395 2915 arponautue
410 2847 482 2916 picti
500 2848 617 2916 spectati
634 2851 699 2901 sunt
719 2846 792 2914 quod
809 2847 841 2898 iu
859 2845 949 2900 eadem
976 2847 1087 2915 porticu
1109 2851 1141 2899 ut
1161 2846 1243 2913 refut
1262 2845 1371 2900 Probus

225 2933 339 3003 quodam
359 2935 429 2988 anni
447 2940 562 3005 ternpore
579 2935 719 2990 nundinae
732 2934 847 3000 fiebant:
866 2934 912 2988 cui
929 2951 995 2988 sane
1014 2933 1108 2989 accedo
1126 2934 1287 2988 sententiae:
1305 2950 1369 2988 uam

224 3021 324 3076 hicme
343 3023 427 3077 Probi
444 3029 528 3078 mouet
548 3022 698 3078 ammonitas
718 3061 830 3075 .....
853 3021 948 3076 Obstat
966 3037 1031 3076 ensa
1048 3021 1175 3076 candido.
1188 3037 1243 3090 pro
1252 3027 1370 3091 tempore

226 3111 296 3166 euim
314 3127 394 3166 casas
411 3111 609 3166 tumultuarias
627 3127 661 3164 ecc
679 3110 771 3165 linteis
783 3115 969 3179 componentes
981 3114 1150 3179 conspectum
1161 3109 1236 3163 illius
1245 3110 1370 3178 picturae

226 3199 408 3267 prohibebant.
425 3198 615 3252 Memorabilis
644 3202 686 3252 est
716 3198 799 3252 lectio
827 3198 1044 3268 ‘Apripparum'‚
1071 3215 1142 3265 quae
1169 3198 1225 3250 ism
1252 3197 1368 3266 propius

227 3285 334 3340 accedit
352 3286 387 3340 ad
406 3303 500 3340 voram
520 3287 726 3355 genuinamque
745 3285 916 3355 ‘Aprippoe’3
935 3285 969 3340 51.
981 3285 1103 3339 Crameri
1122 3284 1151 3354 (l.
1171 3303 1194 3340 5.
1212 3303 1239 3353 p.
1253 3285 1304 3338 203
1317 3285 1368 3354 sq.)

226 3378 254 3428 ct
271 3374 427 3428 Heinrichii
446 3373 638 3443 Schopeniquc
657 3375 687 3443 (1.
707 3392 728 3429 c.
749 3392 776 3443 p.
798 3376 850 3427 379
870 3379 920 3442 sq.)
940 3374 975 3428 ad
996 3373 1023 3427 h.
1043 3374 1060 3426 1.
1081 3373 1282 3427 adnotationes.

325 3465 336 3496 ⁶
355 3462 446 3516 Valla:
466 3462 594 3516 Monimo
611 3461 871 3532 rursusrnprrhina.
887 3461 990 3529 pocula
1009 3460 1042 3515 de
1058 3461 1169 3530 ueprrha
1181 3460 1269 3526 factu.
1288 3459 1369 3514 Valla

226 3550 313 3621 igitur
332 3555 407 3605 recte
419 3551 587 3604 vocabulum
605 3550 708 3606 ‘tincta’
728 3551 842 3619 omittit,
862 3568 924 3604 cum
939 3553 1037 3604 contra
1049 3549 1163 3603 Iahnius
1177 3550 1267 3616 ‘facta'
1278 3549 1369 3602 deleat

225 3643 257 3692 nt
281 3638 350 3692 mihi
374 3639 486 3693 videtur
514 3639 631 3707 iniuria;
661 3656 824 3708 persuasum
852 3639 925 3694 enim
954 3638 1024 3692 mihi
1041 3642 1083 3692 551
1101 3637 1214 3691 doctum
1234 3638 1282 3705 qui
1301 3637 1369 3691 haec

226 3727 330 3782 scholia
360 3727 526 3796 conscripsit
543 3727 767 3798 grammaticum,
801 3728 963 3781 ‘murchina’
991 3726 1059 3795 quid
1088 3729 1187 3794 essent,
1210 3743 1266 3780 non
1290 3726 1368 3795 igno·

224 3831 308 3882 rasse,
335 3814 384 3868 sed
410 3818 486 3868 recte
511 3815 671 3884 explicasse,
708 3815 813 3868 ‘tincta'
832 3819 926 3868 entem
954 3818 1051 3883 postea
1081 3813 1116 3867 ab
1147 3813 1258 3868 homine
1281 3813 1367 3868 sciolo

224 3902 444 3972 suprascriptum
467 3919 533 3956 csse.
577 3902 705 3956 Ceterum
730 3901 765 3956 51.
784 3901 1005 3956 Schurtefleisch.
1026 3899 1056 3968 (1.
1076 3918 1097 3955 5.
1117 3919 1143 3970 p.
1163 3903 1217 3970 63),
1250 3902 1298 3970 qui
1316 3901 1368 3956 hoc

225 3990 360 4044 scholium
378 3989 419 4044 ita
438 3989 523 4044 scribi
542 3989 631 4044 iubet:
654 3989 686 4044 cle
704 3989 817 4044 murrha
832 3990 933 4059 pocula
951 3989 1040 4043 tincta
1059 3989 1099 4043 uel
1115 3990 1199 4055 facta.

324 4081 333 4110 ⁷
354 4077 450 4132 Valla:
471 4078 511 4131 nt
531 4077 666 4132 beronices
684 4105 717 4115 —
737 4077 893 4144 preciosior.
913 4076 1032 4130 beronice
1049 4077 1145 4145 rapina
1164 4078 1273 4146 aepppti
1290 4093 1369 4132 soror

222 4166 368 4234 ptolemaei
385 4171 412 4220 ct
430 4166 581 4234 cleopatrae
601 4166 715 4220 anulum
729 4163 957 4234 preciosissimum
976 4165 1008 4218 in
1027 4164 1200 4220 matrimonio
1212 4165 1315 4220 hahuit.
1334 4167 1368 4220 ab

225 4254 276 4308 hac
295 4254 414 4308 beronice
431 4254 495 4308 urbs
521 4253 642 4309 creditur
661 4254 806 4323 appellata.
836 4258 860 4307 ct
887 4252 1006 4307 beronice
1034 4251 1176 4321 ptolemaei
1201 4251 1368 4320 philadelphi

224 4347 316 4396 neuter.
337 4341 503 4396 Theocritus.
528 4337 594 4394 ἀλλὰ
614 4372 647 4380 -
666 4346 794 4413 pecorino
812 4341 901 4411 (idyll.
920 4341 998 4394 XVII
1018 4341 1143 4408 55-57).
1163 4339 1261 4394 Strabo
1278 4345 1367 4394 autem

225 4428 328 4484 Caesar
339 4428 428 4497 inquit
447 4433 580 4498 enpustus
593 4429 702 4484 herodis
720 4429 817 4484 liberos
835 4445 934 4499 mapno
948 4432 1109 4499 prosecutus
1121 4433 1160 4482 est
1174 4429 1275 4482 honore
1292 4429 1366 4482 5551-

224 4517 287 4572 h'ter
304 4532 421 4572 sororem
439 4517 555 4573 solamen
573 4518 682 4586 eiusque
698 4516 786 4584 filiam
801 4517 942 4573 beronicem
961 4517 1066 4586 (geogr.
1081 4515 1100 4570 0
1113 4517 1165 4570 765
1179 4513 1253 4584 [XVI
1264 4517 1289 4579 2,
1300 4514 1366 4586 46]).
