3250 4914
804 305 838 358 29

249 483 330 540 Pers.
353 501 381 558 p.
405 477 500 542 CLIV
532 499 564 539 sc
586 479 633 538 his
655 479 730 538 locis
761 499 839 537 nunc
861 497 920 537 non
952 478 998 536 uti
1025 476 1097 536 dicit
1123 481 1213 553 atque
1234 477 1265 534 in
1293 475 1393 536 adnot.

251 583 316 642 crit.
337 582 406 641 edit.
431 580 536 640 scholl.
560 581 658 640 Berol.
682 599 707 638 a.
725 580 803 637 1851
828 579 938 637 multos
962 596 1063 636 eorum
1085 577 1194 636 attulit.
1230 576 1317 635 Unde
1339 577 1394 652 igi·

247 688 297 740 tur
318 683 391 740 talia
405 683 670 758 interpretamenta
693 680 820 738 eProbo
842 683 961 754 sumpta
983 695 1048 736 esse
1069 676 1289 753 deprehendere
1304 675 1395 736 licet?

248 783 321 841 Inde
346 783 495 857 nimirum,
531 781 610 858 quod
636 780 706 856 plus
737 780 834 838 minus
864 773 1052 854 (saepissime
1080 778 1157 836 enim
1191 777 1228 836 ad
1255 772 1393 852 verbum)

249 883 428 943 conveniunt
449 886 501 940 cut
523 900 589 940 cum
611 879 734 939 scholiis
758 879 927 938 Pithoeanis
956 883 1007 936 aut
1035 897 1101 936 cum
1121 879 1393 955 interpretamentis

248 983 372 1042 aliorum
397 981 581 1060 quorundam
604 979 759 1039 deterioris
781 980 901 1055 generis
924 978 1067 1051 codicum,
1101 978 1247 1054 imprimis
1270 977 1393 1036 Leiden-

249 1083 326 1141 sium
348 1083 437 1142 Voss.
465 1101 509 1139 nr.
538 1079 577 1138 18
601 1086 630 1138 et
659 1099 703 1139 nr.
727 1081 767 1138 64
793 1079 867 1138 bibl.
892 1078 974 1154 publ.
1002 1098 1046 1136 nr.
1074 1079 1123 1150 82,
1158 1077 1194 1136 de
1225 1079 1332 1154 quibus
1355 1078 1392 1137 cf.

249 1202 339 1259 supra
360 1203 389 1259 p.
412 1184 429 1241 6
452 1203 481 1240 n.
505 1184 532 1255 1,
556 1187 645 1257 atque
668 1180 797 1238 Parisini
817 1180 870 1238 let.
891 1198 935 1237 nr.
960 1179 1050 1255 7730,
1074 1197 1089 1236 e
1112 1197 1170 1255 quo
1193 1178 1310 1238 Keilius
1334 1179 1393 1240 edi·

249 1282 294 1340 dit
311 1271 441 1358 ‘glossas
459 1282 489 1340 in
504 1264 688 1340 Iuvenalem'
709 1281 740 1337 in
762 1279 858 1338 indice
881 1277 986 1336 scholl.
1011 1279 1041 1336 in
1063 1297 1112 1337 un.
1126 1277 1253 1338 Halensi
1274 1299 1302 1356 p.
1319 1285 1392 1338 aest.

249 1403 275 1441 a.
300 1381 491 1441 1876111111).
524 1381 601 1439 Nam
632 1379 705 1439 hsce
738 1398 856 1456 quoquc
890 1377 1004 1438 scholia
1026 1377 1146 1438 Vallem
1174 1398 1190 1436 c
1216 1379 1312 1439 Probo
1340 1399 1392 1438 sno

249 1483 468 1559 deprompsisse
490 1501 523 1540 1ο
547 1482 703 1554 evincitur,
726 1479 806 1557 quod
828 1479 976 1538 interdum
997 1478 1071 1538 talia
1092 1477 1130 1537 ad
1150 1479 1248 1556 ipsum
1263 1481 1392 1538 nomina·

247 1585 302 1642 tim
323 1584 416 1642 refert
446 1601 542 1660 neque
565 1601 597 1640 sc
619 1582 687 1640 aliis
716 1580 839 1640 scholiis
860 1599 947 1639 usum
975 1599 1041 1638 esse
1063 1579 1125 1638 ullo
1157 1580 1250 1640 verbo
1272 1580 1391 1639 indicat.

248 1684 398 1756 Quomodo
431 1703 503 1745 vero
537 1682 713 1760 explicanda
745 1682 785 1740 sit
814 1682 889 1738 mira
915 1679 988 1739 hacc
1020 1699 1078 1754 res,
1112 1680 1190 1738 infra
1215 1680 1393 1740 videbimus.

247 1785 322 1856 Quid
344 1791 443 1844 autem
476 1786 502 1844 si
521 1784 612 1845 Valla
634 1784 732 1842 Probo
756 1803 814 1842 non
846 1783 995 1841 nominato
1028 1782 1065 1841 ab
1096 1781 1152 1841 hoc
1186 1800 1220 1840 ea
1241 1787 1392 1840 mutuatus

250 1892 305 1960 est,
340 1904 416 1963 quac
437 1904 534 1964 neque
553 1886 584 1943 in
606 1883 777 1943 Pithoeanis
801 1882 922 1942 scholiis
945 1884 1132 1958 reperiantur
1160 1901 1256 1960 neque
1279 1901 1393 1960 compa·

247 1988 320 2045 ratis
343 1987 411 2045 aliis
434 1986 584 2047 codicibus
607 1986 730 2061 agnosci
751 1983 888 2062 possint?
919 1984 967 2042 Ex
988 1983 1158 2042 huiusmodi
1181 1983 1312 2057 scholiis,
1335 1985 1393 2042 nisi

248 2087 407 2163 confugere
429 2087 506 2147 velis
530 2085 566 2144 ad
596 2087 740 2144 sermonis
763 2086 995 2162 inquisitionem,
1027 2103 1121 2160 genus
1146 2083 1307 2161 quaerendi
1328 2102 1393 2160 per·

249 2205 338 2264 quam
357 2187 478 2244 dubium
500 2187 703 2263 incertumque
726 2187 757 2243 in
778 2185 834 2243 tali
856 2186 1008 2261 scriptore,
1039 2203 1074 2242 ca
1095 2189 1210 2243 tantum
1233 2182 1392 2259 deprehen·

249 2285 319 2345 dere
340 2286 412 2344 licet
437 2315 471 2326 -
497 2305 573 2363 quae
597 2305 667 2345 sane
687 2287 810 2344 maximi
833 2290 902 2343 sunt
922 2285 1012 2361 pretii
1035 2315 1072 2324 -
1098 2285 1205 2362 quibus
1228 2285 1299 2344 novi
1321 2283 1393 2360 quid

247 2386 384 2464 traditur,
408 2387 486 2464 quod
508 2386 627 2446 aliunde
649 2385 768 2445 haurire
783 2385 874 2445 Valla
895 2386 978 2445 nullo
1000 2385 1087 2445 modo
1109 2386 1239 2462 potuerit
1255 2384 1392 2462 quodque

248 2488 279 2545 in
301 2506 333 2546 sc
355 2505 456 2546 omnes
478 2493 512 2546 ut
534 2489 576 2546 ite
598 2487 694 2546 dicam
716 2505 853 2546 numeros
876 2487 1013 2546 veritatis
1036 2486 1154 2545 habeat.
1195 2486 1392 2544 Luculentum

247 2586 336 2645 huius
369 2588 488 2663 generis
521 2587 688 2664 exemplum
717 2587 842 2662 protulit
872 2587 1073 2663 tractavitque
1102 2586 1225 2645 Iahnius
1258 2586 1289 2644 in
1315 2605 1391 2644 mus.

248 2687 343 2747 Rhen.
366 2707 396 2746 v.
419 2687 467 2746 IX
488 2708 517 2763 p.
534 2689 610 2760 6273
632 2687 670 2744 sd
692 2687 737 2746 IV
760 2688 838 2744 enim
860 2692 915 2744 sat.
937 2707 967 2746 v.
984 2688 1024 2744 94
1048 2685 1138 2745 Valla
1159 2685 1232 2752 haec
1255 2685 1391 2744 adnotet:

248 2786 364 2847 Aciliae
382 2789 548 2862 qlubrr'orris
573 2787 656 2857 1111111
677 2787 777 2846 consul
805 2787 859 2844 sab
882 2787 1052 2844 Domitiano
1080 2786 1139 2857 fuit
1160 2785 1281 2858 Papinii
1303 2785 1393 2845 Statii

250 2888 437 2946 1111111111
459 2888 533 2947 11111
554 2889 720 2961 cormarico
742 2887 820 2959 qaod
841 2887 1109 2958 11111111111111911
1130 2887 1281 2958 probatus.

348 2987 480 3046 Lamina
500 2987 628 3046 11111111
650 2987 731 3045 mitis
749 2988 911 3059 1111111111
931 2987 1034 3058 crispi.

348 3088 390 3146 Et
411 3084 547 3147 Fabicce¹
569 3089 679 3147 11111111
694 3108 704 3145 .·
714 3091 860 3160 potentem
883 3089 1165 3160 119111111111111.
1235 3141 1239 3150 ,

346 3189 487 3261 Purpura
509 3191 551 3247 ter
573 3204 712 3247 memores
734 3187 893 3260 implerunt
913 3189 1030 3246 1111111111
1051 3187 1154 3258 fastos.

350 3288 393 3346 Et
409 3305 505 3361 prope
526 3303 659 3348 cesareae
679 3288 802 3358 11111111
823 3289 928 3346 carrus
949 3288 1043 3346 11111.

251 3385 310 3453 Qui
335 3405 441 3446 versus
472 3407 536 3446 cum
564 3387 636 3446 alibi
662 3407 808 3464 nusquam
832 3387 1032 3459 inveniantur,
1064 3391 1176 3444 certum
1204 3391 1250 3444 est
1273 3387 1392 3449 Vallam

249 3507 299 3548 cor
323 3507 360 3547 cx
381 3488 471 3548 Probi
494 3486 615 3545 scholiis
639 3487 867 3564 deprompsisse.

347 3587 412 3646 Iam
435 3586 598 3659 videamus,
622 3605 710 3662 quam
729 3586 871 3660 religiose
886 3585 993 3645 Vallae
1016 3589 1166 3665 excerptis
1182 3587 1290 3647 codicis
1303 3587 1392 3648 Probi

248 3690 346 3765 imago
374 3688 566 3764 exprimatur.
611 3687 656 3744 Ac
683 3687 811 3763 primum
834 3685 952 3762 quidem
986 3687 1186 3763 quaerendum
1208 3693 1262 3758 est,
1293 3693 1392 3746 utrum

247 3788 337 3848 Valle
360 3788 466 3861 omnia,
498 3805 573 3864 quae
595 3787 625 3845 in
648 3786 748 3846 codice
771 3787 937 3860 exstabant,
971 3785 1085 3845 scholia
1106 3788 1156 3847 vel
1179 3806 1272 3864 paene
1295 3789 1392 3846 omnia

247 3887 278 3944 in
299 3907 387 3946 usum
410 3907 495 3945 suum
518 3887 708 3960 converterit,
742 3887 781 3944 an'
808 3891 842 3944 ut
864 3884 1020 3946 Oramcrus
1046 3892 1131 3963 putat
1152 3887 1172 3946 1.
1197 3907 1221 3946 c.
1239 3908 1267 3964 p.
1289 3890 1392 3964 4sqq.

247 4005 341 4062 pauca
370 3991 494 4060 tantum,
531 3988 582 4046 ubi
612 4005 649 4045 cx
677 4007 734 4045 usu
764 3987 823 4063 ipsi
853 3987 1020 4057 videbatur,
1057 3981 1283 4061 ἀποσπασμᾶτια
1314 3989 1390 4046 inse·

247 4087 341 4144 ruerit
363 4085 399 4145 de
422 4087 499 4146 libro
524 4107 586 4161 suo,
612 4087 742 4164 plurima
764 4093 862 4146 autem
885 4088 1095 4164 suppresserit.
1142 4087 1305 4145 Posteriori
1328 4106 1392 4146 sen·

247 4187 358 4244 tentiae
386 4186 505 4244 obstant
530 4188 624 4264 ipsius
646 4187 753 4248 Vallae
784 4187 885 4259 verbs,
918 4206 993 4263 quae
1021 4206 1110 4264 supra
1136 4183 1178 4263 (p.
1203 4183 1255 4262 27)
1283 4189 1392 4246 exscri-

247 4285 370 4362 psimus,
404 4286 512 4362 quibus
535 4279 566 4345 se
588 4287 679 4348 Probi
700 4289 970 4365 interpretamenta,
1004 4288 1182 4346 cuicuimodi
1211 4307 1246 4346 ea
1272 4289 1392 4358 fuerint,

349 4491 359 4524 ¹
378 4489 484 4545 Dubito
502 4506 566 4545 cum
584 4489 682 4546 lahnic
704 4491 845 4562 corrigere
864 4491 1021 4547 Fabricius.
