3266 4914
727 1235 898 1315 viar.

335 1476 432 1534 Natus
460 1495 525 1534 sum
555 1473 786 1551 Christophorus
809 1475 957 1536 Honrious
984 1476 1115 1555 Stephon
1138 1477 1279 1538 Coloniae
1306 1500 1382 1541 anno

235 1576 265 1636 l.
290 1597 313 1635 s.
335 1575 424 1635 LVII
447 1595 473 1634 a.
496 1576 525 1634 d.
548 1575 585 1636 V.
619 1574 664 1634 Id.
694 1575 783 1634 Mart.
817 1581 902 1652 patre
925 1576 1055 1636 Haurioo
1086 1584 1181 1636 matre
1210 1576 1340 1638 Cordule
1366 1599 1383 1638 e

234 1683 324 1754 gente
346 1675 448 1754 (lomp‚
471 1695 547 1754 quos
569 1677 655 1734 ambo
678 1675 833 1734 defunetos
854 1695 919 1736 esse
940 1676 1133 1736 vehementer
1155 1677 1251 1738 doleo.
1278 1679 1383 1738 Fidem

234 1778 376 1854 profiteor
404 1778 590 1836 catholicam.
639 1777 821 1836 Litterarum
849 1777 1003 1836 elementis
1026 1778 1158 1837 imbutus
1183 1779 1293 1836 missus
1316 1798 1382 1837 sum

234 1877 273 1936 ad
296 1877 411 1953 patriae
437 1878 626 1952 gymnasium
656 1877 694 1936 ad
717 1875 764 1936 Ss.
788 1877 963 1953 Apostolos,
995 1879 1047 1936 ubi
1073 1897 1128 1954 per
1154 1897 1262 1938 novem
1289 1899 1382 1938 annos

233 1977 414 2054 optimorum
437 1983 664 2053 praeoeptorum
693 1978 815 2053 egregia
837 1997 910 2036 usus
931 1997 996 2036 aum
1018 1979 1189 2054 disoiplina:
1223 1997 1298 2055 quos
1321 1998 1382 2037 om·

233 2095 287 2136 nos
317 2078 469 2135 nominare
490 2077 614 2152 longum
646 2083 700 2150 est,
735 2077 869 2152 singulos
899 2096 957 2136 non
988 2078 1079 2154 pium.
1129 2076 1282 2137 Autumno
1313 2079 1383 2137 anni

233 2176 369 2236 LXXVI
391 2177 572 2235 maturitatis
594 2177 765 2235 testimonio
788 2178 952 2236 instructus
974 2177 1083 2235 almam
1105 2177 1258 2236 Musarum
1281 2177 1382 2236 sedem

233 2275 422 2335 Bonnensem
448 2275 509 2334 adii
530 2276 633 2353 ibique
661 2295 715 2353 par
743 2283 809 2336 ooto
844 2278 1021 2336 semenstris
1040 2278 1118 2336 inter
1143 2278 1225 2356 oiyes
1251 2279 1297 2336 foi
1319 2298 1382 2338 aea·

234 2377 374 2435 domioos.
416 2375 591 2435 Doouerunt
612 2397 659 2435 me
686 2378 746 2437 viri
766 2378 925 2436 clarissimi
947 2377 1082 2453 Bernays
1101 2377 1268 2436 Bueoheler
1289 2377 1397 2467 Klein·

153 2503 155 2508 ·
233 2474 484 2534 Maurenbrooher
505 2475 624 2534 Menzel
646 2476 754 2552 Meyer
769 2476 963 2535 Neuhaeuser
981 2475 1123 2536 Sohaefer
1145 2477 1272 2536 Usener.
1306 2477 1382 2537 Bue-

163 2631 165 2634 .
235 2576 350 2634 ehelori
372 2581 400 2634 et
415 2576 545 2636 Useneri
558 2576 769 2636 benovolentia
783 2577 895 2634 faotum
911 2581 966 2652 eat,
987 2581 1022 2634 ut
1035 2595 1108 2636 vere
1132 2577 1202 2635 anni
1213 2567 1382 2638 LXXVIII

233 2678 265 2736 in
279 2678 470 2736 seminarium
487 2678 704 2754 philologioum
720 2677 836 2752 regium
851 2677 1008 2753 reciperer,
1030 2677 1113 2734 ouius
1128 2695 1182 2753 per
1198 2673 1272 2735 duos
1288 2696 1380 2736 annos

234 2777 347 2837 sodalis
369 2777 413 2835 fni
435 2777 612 2837 ordinarius.
656 2778 817 2836 Praeterea
838 2775 1005 2835 Buecheler
1027 2777 1289 2835 exercitationibus
1317 2777 1379 2834 suis

233 2878 446 2955 epigraphioir,
470 2876 612 2937 Sohaefer
634 2884 663 2938 at
677 2879 795 2937 Menzel
811 2878 968 2936 seminario
988 2877 1132 2936 historioo
1154 2882 1188 2934 ut
1204 2877 1380 2936 interessem

233 2977 362 3053 benigno
385 2985 603 3038 eonoesserunt.
648 2976 765 3044 Quibus
786 2978 861 3037 viris
885 2977 1020 3037 omnibus
1040 2977 1154 3052 gratias
1170 2995 1227 3052 ago
1247 2976 1379 3049 debitas3

233 3078 394 3153 praeeipue
418 3096 494 3136 uero
524 3077 742 3136 Buechelerum
773 3075 965 3136 Sohaeferum
987 3077 1165 3154 Uaenornm,
1198 3076 1250 3154 qui
1283 3075 1380 3134 studia

232 3195 298 3236 mea
313 3177 461 3252 singulari
475 3178 612 3236 comitate
635 3176 814 3236 adiuverunt
833 3182 863 3234 et
881 3177 1028 3250 aluerunt,
1051 3177 1240 3254 pientissima
1261 3194 1378 3252 semper

233 3278 329 3337 oolam
344 3279 496 3338 memoria.
