3250 4914
803 283 838 336 30

247 479 284 518 ne
306 461 457 518 minimam
479 459 598 536 quidem
620 465 735 535 purtem
752 458 938 517 subtraxisse
960 457 1119 516 contendit.
1160 455 1220 516 Sed
1235 456 1393 518 Cramerus

248 557 281 634 (l.
297 581 321 620 c.
335 579 363 638 p.
378 556 410 634 5)
432 559 520 618 tidem
541 558 670 618 hominis
689 559 833 618 vacillare
856 557 1001 616 adfirmat.
1038 558 1133 616 Nobis
1155 577 1264 635 magna
1285 561 1315 618 in
1337 559 1394 617 bac

246 679 279 719 re
301 659 489 719 diiudicanda
518 679 592 736 opus
620 678 685 718 esse
711 659 832 718 videtur
861 659 1006 733 cautione,
1041 676 1107 716 oum
1129 677 1204 735 quae
1228 658 1341 718 scholia
1362 661 1392 718 in

247 761 347 819 codice
375 760 528 838 deperdito
557 759 735 832 exstiterint,
771 777 846 836 quae
872 759 909 816 ab
933 757 1128 830 cecinerint,
1159 765 1240 818 certo
1263 759 1321 818 dici
1343 779 1392 818 nc·

248 865 345 939 queat.
389 859 527 921 Ceterum
549 861 662 938 primae
684 858 803 937 quidem
827 863 944 916 saturae
966 858 1148 917 omniafere
1171 859 1294 928 scholia,
1318 879 1393 936 quae

247 963 278 1020 in
300 961 384 1021 codd.
407 961 500 1022 Mont.
524 967 554 1021 et
576 959 677 1037 Sang„
708 961 738 1018 in
761 959 869 1019 Vallae
895 977 1012 1034 quoque
1042 960 1251 1018 commentario
1273 965 1326 1018 aut
1351 961 1393 1018 iu·

247 1069 333 1138 tegra
359 1063 549 1139 reperiuntur
579 1068 630 1120 aut
658 1066 738 1120 certa
762 1078 862 1119 eorum
890 1059 1020 1134 vestigia
1028 1056 1047 1116 ¹.
1091 1059 1135 1117 At
1161 1078 1197 1118 ex
1220 1059 1393 1119 Pitboeanis

247 1162 284 1221 ad
300 1169 413 1222 ceteras
430 1169 546 1221 saturas
562 1161 685 1220 scholiis
706 1162 737 1219 iu
753 1159 860 1220 Veliae
882 1160 1091 1218 commentario
1108 1159 1215 1217 desunt
1234 1159 1392 1236 permulto.

247 1262 307 1322 Sed
328 1269 454 1341 possunt
473 1262 546 1322 bueo
568 1263 657 1320 etiam
679 1261 717 1319 ab
739 1262 804 1337 ipso
827 1260 919 1318 Probi
942 1259 1042 1319 codice
1064 1259 1183 1335 sitiisse,
1214 1265 1244 1318 et
1265 1260 1393 1336 plurima

247 1381 349 1421 eorum
377 1381 410 1421 re
439 1381 512 1422 vera
542 1361 652 1420 afuisse
681 1379 857 1438 persuasum
889 1360 963 1418 mihi
992 1366 1052 1433 est;
1087 1360 1123 1419 cf.
1146 1361 1225 1419 infra
1246 1381 1275 1437 p.
1292 1362 1332 1420 68
1348 1380 1394 1438 sq.

247 1463 375 1538 Magnus
403 1467 501 1521 antem
528 1479 629 1521 eorum
657 1462 789 1520 locorum
819 1467 864 1519 cst
889 1479 1030 1518 numerus
1056 1479 1153 1538 neque
1180 1466 1213 1518 ut
1234 1461 1393 1520 videtnru

248 1561 386 1622 Cramero
409 1567 536 1639 quantus
558 1563 598 1620 sit
620 1563 693 1620 satis
715 1566 898 1638 perspectus,
923 1561 1032 1637 quibus
1053 1562 1144 1620 tacite
1158 1561 1248 1622 Valla
1262 1562 1393 1620 Probum

246 1663 277 1722 in
298 1683 385 1721 usum
406 1681 492 1721 uuum
515 1663 675 1735 convertit;
706 1663 771 1739 ipse
795 1679 867 1722 vero
889 1661 977 1738 plane
999 1663 1165 1738 perexigua
1187 1663 1281 1720 fuisse
1303 1661 1393 1720 Probi

246 1765 509 1840 interpretamenta
531 1763 676 1822 adfirmat.
719 1762 796 1834 Quid
823 1781 912 1838 porro
942 1763 968 1820 si
997 1767 1120 1840 propter
1147 1763 1293 1821 cariosam
1315 1762 1393 1820 codi-

247 1865 290 1922 cis
310 1869 492 1923 vetustatem
508 1864 603 1922 multa
624 1864 741 1922 omuino
764 1882 821 1921 non
837 1863 896 1919 iam
910 1868 1049 1938 poterant
1062 1860 1144 1938 legi?
1166 1863 1203 1921 cf.
1216 1863 1310 1939 ipsius
1320 1862 1392 1922 Vul-

247 1965 294 2022 lae
308 1963 401 2024 verba
412 1960 515 2041 (supra
527 1983 555 2041 p.
567 1959 629 2037 27).
653 1963 740 2022 Adde
762 1957 841 2040 quod
852 1963 943 2022 Valla
962 1945 1081 2039 saepius
1097 1962 1210 2022 scholia
1229 1963 1394 2040 perexigua

248 2071 278 2122 et
299 2082 375 2141 quae
402 2063 479 2122 nihil
505 2064 577 2124 novi
598 2063 749 2122 adferrent
780 2064 810 2120 in
834 2064 1076 2121 commentarium
1102 2081 1187 2121 suurn
1209 2063 1335 2121 inseruit
1358 2081 1392 2120 eo

246 2170 360 2224 tautum
382 2169 544 2240 permotus,
576 2163 655 2240 qnod
678 2163 768 2222 Probi
793 2169 886 2237 crant,
919 2169 952 2221 nt
974 2162 1011 2220 ad
1033 2163 1083 2220 HI
1106 2165 1158 2221 11:
1192 2165 1270 2222 stetit
1290 2166 1394 2223 redum

247 2268 390 2340 ερειίαιιι,
413 2271 443 2322 ct
464 2263 501 2322 ad
523 2263 568 2323 IV
591 2265 624 2322 4:
657 2266 692 2323 irc
711 2267 825 2324 minore
846 2265 950 2324 debilis
970 2265 1083 2324 scelere.
1127 2261 1313 2340 Quamquam
1336 2265 1391 2339 igi·

247 2370 297 2423 tur
313 2363 429 2422 Vallum
451 2363 551 2424 codice
574 2383 627 2422 suo
650 2365 723 2422 satis
746 2365 906 2440 diligenter
920 2383 1007 2422 usum
1031 2383 1096 2423 esse
1112 2383 1208 2442 neque
1231 2364 1392 2440 quidquam

248 2465 382 2523 omisisse
405 2482 519 2541 censeo,
543 2463 620 2540 qnod
643 2464 764 2522 maioris
788 2469 867 2522 esset
888 2465 1039 2538 momenti,
1069 2464 1100 2523 id
1122 2468 1220 2523 tamen
1242 2483 1393 2524 concesse·

170 2549 173 2556 Δ
247 2564 304 2622 rim
336 2581 430 2640 pauca
460 2581 526 2622 cum
549 2563 751 2640 suppressisse
775 2563 897 2638 scholia,
933 2582 1009 2642 quae
1032 2570 1083 2623 aut
1108 2565 1196 2641 plane
1223 2565 1342 2624 inutilia
1364 2569 1394 2622 ct

248 2681 470 2739 supervacanea
497 2663 525 2722 ei
552 2661 619 2723 uisa
646 2669 724 2737 sunt,
759 2669 793 2722 ut
814 2664 907 2724 schol.
930 2664 968 2722 ad
989 2665 1004 2723 I
1028 2667 1045 2723 6
1080 2659 1131 2741 (ed
1153 2683 1240 2742 quem
1271 2683 1392 2724 versum

248 2764 321 2822 haec
343 2769 458 2822 tautum
480 2763 615 2822 adnotat:
640 2764 771 2826 Necdum
789 2765 893 2836 finitus
915 2769 1022 2825 orestes
1034 2786 1044 2823 :
1056 2766 1092 2824 de
1111 2769 1201 2824 ceste
1221 2766 1393 2838 troyoedio:

246 2868 316 2923 netu
337 2868 434 2924 autern
453 2867 528 2924 satis
548 2869 591 2924 cst
616 2867 652 2924 de
673 2868 766 2924 oreste
792 2861 918 2942 fabulo),
951 2871 1003 2923 aut
1025 2884 1151 2942 quorum
1179 2865 1244 2924 loco
1267 2865 1393 2923 aliorum

248 2965 426 3040 scriptorum
448 2965 617 3023 testimonia
640 2964 757 3023 adferre
778 2966 891 3042 potnit;
925 2965 1068 3024 velutad
1090 2965 1136 3025 IV
1159 2966 1198 3023 23
1220 2984 1274 3041 pro
1296 2965 1392 3041 prima

247 3069 333 3140 purte
355 3063 461 3122 scholii
484 3063 639 3122 Pithoeani
661 3061 802 3138 (Apicius
823 3069 923 3124 auctor
934 3067 1212 3138 praecipiendamque
1226 3082 1392 3136 caecarum,

247 3166 299 3238 qui
326 3165 447 3237 scripsit
469 3166 504 3223 ete
532 3158 675 3239 tassellis)
699 3163 772 3222 haec
800 3165 934 3223 exhibet:
968 3164 1094 3239 Apicius
1110 3211 1116 3224 .
1132 3168 1182 3238 qui
1208 3165 1328 3237 scripsit
1358 3165 1394 3222 de

247 3265 377 3324 ciborum
396 3265 596 3338 condimentis,
618 3267 653 3322 ut
667 3261 808 3324 Plinius²
829 3266 968 3325 osemicit.
1012 3264 1176 3324 Exstitisse
1196 3269 1295 3323 autem
1310 3263 1393 3322 scho-

349 3501 358 3530 ¹
378 3500 486 3554 Desunt
510 3517 600 3569 neque
619 3500 731 3554 omnino
751 3505 887 3569 apparent
906 3500 1001 3555 scholl.
1022 3500 1096 3556 Pitb.
1116 3502 1151 3556 ad
1169 3501 1182 3554 Ι
1202 3506 1224 3555 1.
1244 3505 1268 3556 6.
1291 3503 1331 3554 10.
1350 3501 1393 3554 23.

251 3589 286 3641 26
307 3587 435 3642 alterum.
465 3587 640 3657 fiprimum
661 3589 835 3642 stulterum.
864 3590 898 3643 52
916 3590 1003 3658 prius.
1033 3589 1068 3643 56
1086 3590 1204 3644 alterum
1224 3593 1252 3642 ct
1270 3589 1393 3643 tertium.

248 3677 291 3728 ts.
317 3676 359 3729 65.
384 3677 419 3730 66
436 3676 522 3744 prins.
560 3678 603 3730 76.
628 3677 669 3730 76.
694 3677 736 3730 76.
763 3677 806 3728 63.
831 3677 874 3728 65.
900 3677 942 3730 87.
966 3675 1393 3730 96.93.106.116.122.126.

251 3763 309 3816 129.
331 3763 389 3816 140.
411 3764 469 3816 142.
492 3765 550 3816 144.
573 3765 622 3817 149
641 3763 727 3832 prius.
760 3764 818 3816 156.
841 3764 890 3816 159
908 3763 994 3832 prius.
1016 3764 1295 3818 163.168alterum.
1334 3764 1394 3818 169.

349 3850 486 3904 ’Plinius
514 3850 647 3919 Apicium
674 3851 718 3904 uel
743 3851 880 3918 Apiciana
908 3852 1031 3920 quinque
1059 3851 1127 3906 locis
1155 3853 1192 3917 (n.
1210 3851 1237 3904 h.
1256 3850 1322 3904 VIII
1332 3852 1394 3906 209.

248 3937 288 3991 IX
295 3939 338 3991 66.
356 3937 383 3991 X
396 3940 453 3992 133.
472 3937 539 3992 XIX
551 3940 609 3992 137.
622 3937 685 4006 143)
704 3943 902 3993 commemorat
914 3956 1004 4007 neque
1015 3943 1109 3994 tamen
1122 3956 1239 4007 usquam
1253 3939 1394 3993 sutilium

247 4026 364 4079 titulum
382 4025 475 4079 adfert
493 4030 542 4080 aut
554 4025 686 4094 Apicium
704 4025 808 4078 librum
827 4026 1021 4095 conscripsisse
1040 4027 1175 4094 expressis
1195 4026 1395 4080 verbiarcfert.

248 4113 344 4181 Neque
357 4113 469 4168 aliunde
481 4113 531 4167 illa
548 4112 695 4181 inscriptio
715 4117 782 4167 nota
799 4118 854 4181 est3
874 4131 957 4181 quam
975 4113 1048 4168 nude
1060 4113 1140 4167 Valla
1159 4112 1271 4180 habeat,
1288 4113 1395 4179 nescio;

249 4199 393 4255 ettamen
411 4200 535 4268 titulum,
555 4216 609 4268 quo
628 4199 707 4266 liber,
727 4200 775 4268 qui
795 4200 865 4253 alius
883 4199 1048 4254 inscribitur
1066 4199 1167 4268 ‘Qaelii
1179 4201 1292 4269 Apicius
1311 4200 1345 4254 dc
1364 4217 1395 4254 re

248 4284 431 4356 coquinaria’,
449 4288 479 4341 in
502 4287 624 4342 editione
642 4287 836 4356 Humelbergii
854 4287 962 4358 (Tigur.
984 4287 1065 4358 1642)
1083 4289 1235 4342 instructus
1255 4291 1310 4342 est:
1339 4286 1394 4341 ‘De

281 4375 370 4428 soniis
395 4381 423 4430 et
450 4375 633 4430 condimentis
657 4376 716 4430 sive
741 4378 801 4428 arte
826 4372 998 4442 coquinaria¹
1026 4375 1118 4440 (Bthr.
1136 4375 1199 4430 Lat.
1219 4375 1275 4428 Lit.
1296 4375 1338 4428 ed.
1355 4375 1393 4429 IV

317 4461 334 4515 Ἰ
350 4479 377 4531 p.
396 4464 449 4517 368
466 4481 494 4516 n.
504 4462 543 4532 2),
562 4467 591 4517 et
609 4462 694 4518 schol.
714 4461 828 4529 Queroli
845 4479 873 4530 p.
892 4463 935 4525 22,
956 4464 989 4517 18
1009 4462 1115 4532 Peiper.
