3250 4914
815 238 832 290 2

249 417 392 494 cuiusque
424 433 526 475 eorum
550 419 792 490 commentorum,
829 432 903 490 quae
930 412 1018 472 hodie
1039 413 1070 471 in
1100 413 1188 472 libris
1218 414 1308 473 medii
1329 417 1398 476 aevi

227 571 228 575 ,
249 516 451 577 inveniuntur.
496 512 582 582 Quod
605 515 631 572 si
652 513 831 591 respexeris,
853 513 911 572 tria
934 512 1115 572 scholiorum
1135 513 1397 574 Iuvenalianorum

250 616 444 676 discernenda
466 621 553 675 erunt
574 633 699 692 genera;
723 633 849 692 quorum
875 614 1003 691 primum
1024 620 1058 672 nt
1081 620 1110 672 et
1131 596 1205 692 puro
1229 621 1258 674 et
1281 617 1396 674 sincero

248 717 329 776 fonte
353 735 390 776 ex
412 716 465 775 illo
488 716 587 794 quarti
608 720 677 792 post
699 713 768 775 Chr.
788 735 816 774 n.
840 715 951 772 saeculi
973 715 1183 774 commentario
1206 715 1303 784 fluxit,
1324 717 1397 776 lieet

248 816 297 876 hic
319 817 383 876 illic
405 817 497 876 rivuli
521 815 640 874 aliunde
664 817 722 874 orti
743 814 926 873 turbidiores
949 815 1056 874 fluctus
1079 815 1299 876 admiscuerint.
1340 816 1395 876 Al·

248 919 306 976 teri
320 937 374 995 pro
391 917 582 976 fundamento
597 922 643 975 est
654 916 779 976 Cornuti
801 916 940 988 eapositto
962 933 1052 988 uapor
1075 919 1133 975 toto
1157 917 1233 976 libro
1242 918 1396 978 Iuvenalis

249 1016 351 1093 (Laur.
373 1019 415 1096 pl.
432 1019 480 1090 52,
500 1013 548 1094 4);
571 1016 627 1076 hoc
650 1035 769 1093 quoque
791 1035 885 1091 genus
909 1015 1083 1092 saepissime
1101 1017 1314 1094 interpolatum
1329 1038 1395 1078 esse

247 1119 368 1180 videtur
390 1119 599 1177 additamentis
620 1118 729 1194 partim
751 1116 884 1175 melioris
906 1117 1015 1193 partim
1038 1116 1194 1176 deterioris
1216 1124 1314 1178 notae.
1358 1119 1395 1178 In

247 1219 336 1279 tertio
371 1237 443 1279 vero
474 1217 656 1277 numeranda
690 1221 776 1275 erunt
809 1235 843 1274 ea
876 1216 1057 1276 scholiorum
1090 1234 1215 1293 corpora
1246 1219 1394 1297 mediique

248 1319 315 1378 aevi
352 1324 525 1389 commenta,
562 1336 638 1395 quae
666 1336 731 1376 oum
760 1322 866 1376 neutro
893 1317 1014 1376 illorum
1042 1319 1319 1378 commentariorum
1349 1339 1395 1379 oo·

248 1417 400 1479 haarent¹.

348 1519 414 1581 Hoc
434 1521 539 1582 libello
568 1521 604 1580 de
626 1522 721 1598 primo
748 1526 863 1580 tantum
892 1538 1001 1596 genere
1027 1520 1113 1579 uobis
1136 1527 1182 1580 est
1208 1522 1394 1598 propositum

249 1639 348 1698 agere.
392 1620 429 1680 Id
450 1627 547 1680 autem
570 1620 698 1681 efficitur
727 1621 769 1679 eis
797 1621 828 1678 in
850 1619 1024 1680 Iuvenalem
1056 1619 1188 1696 scholiis,
1222 1641 1298 1699 quae
1324 1623 1395 1681 iam·

250 1722 361 1782 dudum
383 1722 413 1780 in
437 1723 567 1781 omnium
596 1721 750 1780 doctorum
772 1721 908 1780 manibus
930 1726 1006 1794 sunt,
1039 1739 1174 1800 quaeque
1197 1721 1253 1782 hoc
1276 1723 1394 1782 saeculo

248 1821 404 1884 Gramerue
428 1821 620 1881 Heinriohius
643 1821 766 1880 Iahnius
795 1825 1015 1880 recensuerunt.
1059 1820 1142 1880 Inter
1172 1823 1288 1882 codices
1311 1843 1393 1896 vero,

250 1923 301 2001 qui
322 1922 395 1981 haec
424 1922 576 1997 exhibent,
608 1922 704 1999 primo
731 1922 796 1980 loeo
825 1895 1021 1980 nominandus
1049 1928 1095 1981 θεῖ
1115 1922 1395 2001 Montepes'sulanus

249 2043 293 2083 nr.
319 2025 379 2083 125
403 2017 514 2098 (Iahnii
536 2022 729 2099 Pithoeanus,
762 2021 927 2080 Hermanni
949 2021 1119 2097 Budensis),
1152 2042 1168 2082 e
1195 2029 1266 2102 qno'
1280 2025 1394 2102 primus

249 2123 305 2181 etsi
334 2143 392 2182 non
420 2143 454 2182 ea
477 2143 565 2201 quam
587 2122 675 2182 hodie
699 2122 901 2182 desideramus
926 2141 996 2180 eura
1018 2121 1161 2182 Pithoeus
1184 2123 1277 2183 edidit
1295 2125 1393 2184 Lutet.

247 2243 273 2283 a.
298 2225 379 2283 1585
401 2213 466 2282 una
490 2243 556 2282 cum
578 2224 651 2300 ipsis
676 2223 830 2284 Iuvenalis
861 2223 980 2300 saturis,
1015 2242 1088 2300 quas
1119 2223 1252 2283 eiusdem
1284 2223 1393 2284 codicis

248 2342 303 2400 ope
327 2325 436 2401 optime
459 2343 525 2383 eum
547 2325 733 2382 recensuisse
755 2329 858 2382 notum
880 2329 926 2382 est
950 2319 1002 2396 (cf.
1019 2321 1051 2382 0.
1071 2323 1121 2382 Fr.
1144 2323 1309 2383 Hermanni
1324 2325 1391 2385 Iuv.

247 2424 339 2501 praef.
361 2444 390 2500 p.
414 2421 500 2498 XX).
551 2423 639 2484 Unde
671 2425 811 2484 universo
841 2422 910 2482 huic
941 2422 1122 2482 scholiorum
1153 2425 1184 2482 in
1216 2424 1392 2485 Iuvenalem

247 2524 351 2600 generi
372 2523 546 2583 Pithoeanis
568 2524 697 2583 inditum
725 2530 771 2583 est
797 2542 912 2582 nomen.
957 2521 1030 2582 Cum
1051 2523 1099 2581 his
1121 2523 1392 2601 Montepessulanis

248 2624 361 2684 scholia
385 2624 495 2684 codicis
507 2623 715 2702 Sangallensis
737 2625 855 2683 nr.870
877 2622 949 2682 adeo
972 2630 1147 2699 congruunt,
1169 2630 1203 2682 ut
1225 2629 1254 2683 et
1268 2624 1392 2683 Iahnius

248 2721 350 2802 (proll.
375 2725 412 2783 ad
432 2725 516 2784 Pers.
539 2745 569 2802 p.
593 2720 701 2801 CLVI)
729 2731 759 2784 et
784 2723 929 2783 Matthias
962 2719 1013 2798 (de
1040 2723 1162 2783 scholiis
1188 2723 1393 2786 Iuvenalianis

248 2823 342 2882 Halae
373 2827 453 2884 1875
476 2846 505 2902 p.
531 2818 562 2902 1)
596 2824 820 2902 Sangalleneem
854 2844 891 2883 ex
917 2822 1081 2883 Pithoeano
1114 2824 1295 2902 descriptum
1329 2842 1393 2882 esse

248 2925 433 3001 putaverint;
470 2925 549 3002 quod
575 2929 675 2983 tamen
708 2943 792 2984 secus
823 2943 855 2983 se
877 2923 988 2983 habere
1020 2923 1099 2981 infra
1131 2923 1309 2984 videbimus.
1357 2921 1393 2980 Id

246 3045 320 3087 vero
343 3031 477 3102 apertum
501 3031 606 3085 estex
632 3027 779 3084 communi
800 3043 896 3102 neque
918 3025 1012 3084 multo
1040 3025 1206 3102 antiquiore
1229 3022 1392 3099 archetypo

247 3132 409 3204 utrumque
443 3125 601 3184 deductum
635 3143 700 3184 esse
733 3121 784 3196 (of.
812 3123 897 3182 Iahn.
926 3124 970 3184 ed.
1000 3123 1067 3185 Iuv.
1099 3125 1205 3184 minor.
1238 3114 1274 3205 [a.
1299 3112 1392 3200 1868]

245 3225 339 3303 praef.
360 3245 390 3302 p.
415 3224 456 3300 6).
501 3225 653 3285 Accedunt
680 3225 849 3302 fragmenta
869 3223 1070 3299 Argovensia‚
1105 3224 1140 3283 de
1165 3225 1274 3302 quibus
1299 3241 1394 3299 nuper

246 3327 363 3386 rettulit
392 3326 476 3384 Hans
508 3325 594 3385 Wirz
626 3317 744 3402 (Herm.
771 3324 832 3384 XV
859 3344 888 3401 p.
911 3325 972 3383 437
1000 3319 1090 3402 sqq.)‚
1124 3344 1249 3402 quorum
1280 3323 1394 3383 scholia

246 3427 335 3504 plane
358 3425 490 3486 eiusdem
517 3425 697 3485 recensionis
721 3431 797 3500 suut,
831 3425 915 3484 ouius
937 3424 1199 3502 Montepessulana
1219 3431 1249 3484 et
1271 3422 1396 3500 sangae

245 3527 350 3586 lensia.

345 3625 420 3685 Huic
452 3626 634 3686 scholiorum
666 3627 834 3686 collectioni
856 3628 992 3704 proxima
1027 3626 1238 3702 simillimaque
1269 3643 1303 3684 ea
1325 3623 1392 3700 fuit,

247 3747 305 3804 qua
331 3745 403 3784 usus
435 3730 480 3784 est
504 3723 540 3786 G.
563 3726 662 3804 Valla,
693 3727 744 3803 qui
775 3726 868 3786 edidit
896 3726 1071 3788 Iuvenalem
1098 3725 1228 3786 Venetiis
1260 3744 1287 3784 a.
1311 3724 1391 3782 1486

246 3831 390 3904 perpetuo
416 3827 593 3886 instructum
615 3827 834 3903 commentario,
865 3846 1013 3904 quamque
1035 3828 1066 3885 in
1093 3825 1277 3903 praefatione
1300 3823 1393 3882 Probi

348 4164 356 4196 ¹
376 4162 456 4218 Talia
475 4179 584 4233 quoque
603 4167 713 4218 exstare
732 4165 872 4218 neminem
890 4163 990 4234 fugiet,
1014 4163 1061 4232 qui
1080 4163 1272 4234 catalogorum
1293 4161 1391 4216 editio·

244 4269 366 4320 numque
379 4251 531 4322 specimina
548 4252 632 4320 paulo
653 4251 816 4322 diligentius
830 4251 1034 4321 percensuerit;
1052 4251 1208 4306 accuratius
1221 4267 1287 4305 vero
1301 4253 1392 4303 totam

246 4339 318 4393 hanc
336 4357 396 4394 rem
415 4343 603 4394 tractaturum
621 4357 665 4394 me
681 4339 885 4410 prohibuerunt
909 4339 1020 4409 angusti
1044 4338 1092 4407 qui
1112 4355 1170 4393 esse
1188 4337 1291 4392 debent
1309 4335 1391 4388 huius

351 4426 428 4481 fines.
