3250 4914
825 299 860 353 82

267 474 341 546 fert
374 477 516 548 opiuio:
553 478 686 536 libertina
720 477 816 537 eondi-
869 481 896 536 et
925 477 1044 537 deliciae
1071 475 1211 552 depasti,
1243 480 1295 538 sed
1320 482 1348 538 ct
1371 496 1421 539 ue·

269 577 359 634 tionis
379 593 414 634 oc
435 576 489 634 sub
511 575 628 635 Nerone
649 577 815 636 delatores.
868 577 1002 650 quissimi
1023 577 1177 637 delatores.

269 675 380 734 latinus
400 677 496 748 iuquit
513 677 624 749 probus
646 677 732 748 quasi
749 693 815 735 cou-
868 678 1000 737 Latinus
1042 681 1138 738 autem
1180 679 1288 737 mimus
1331 679 1419 752 quasi

267 777 346 834 scius
392 777 603 836 adulteriorum
644 777 817 835 messalinae
867 778 999 836 condus
1049 778 1191 837 adulterii
1234 779 1419 838 Messalinae
1506 774 1511 782 ’

268 877 377 934 culeus
398 879 440 934 est
461 895 480 934 o
506 873 641 935 Claudio.
686 875 817 934 Tbimele
866 877 956 936 uxori
983 877 1113 936 Neronis
1144 880 1181 937 ob
1213 880 1277 952 ipso
1306 880 1418 938 occisus

267 976 389 1050 roqobot
405 977 596 1035 Heliodorum
610 977 815 1048 ipsumseum·
867 981 918 1036 est.
941 978 1047 1036 Masso
1071 982 1166 1036 cutem
1189 981 1216 1036 et
1238 976 1333 1036 Oorus
1355 978 1416 1035 He-

267 1077 466 1150 queplooabat
480 1077 637 1136 adulteriis
647 1078 725 1135 uude
736 1094 816 1134 mor·
868 1078 980 1136 liodoro
1016 1077 1162 1150 defereute
1198 1078 1285 1137 occisi
1319 1081 1415 1136 suut.

267 1177 350 1236 tialis
373 1172 453 1251 (14,
477 1179 495 1235 5
518 1175 586 1253 sq.).
630 1175 695 1249 Qua
717 1177 816 1234 tbime·
866 1179 949 1236 cuius
963 1178 1098 1249 futurum
1112 1179 1285 1236 ddotionem
1298 1179 1342 1235 ito
1358 1193 1416 1235 me·

266 1277 321 1336 lem
355 1280 467 1349 spectus
502 1277 715 1348 derisoremque
749 1275 815 1334 lati·
866 1278 992 1347 tuebout,
1025 1283 1058 1337 ut
1084 1279 1111 1336 ei
1138 1293 1261 1336 mouera
1285 1278 1414 1334 dorent.

265 1393 336 1434 uum
350 1421 355 1433 .
368 1377 422 1434 illo
443 1375 542 1447 fronte
562 1392 665 1448 precor
683 1379 816 1434 carmina
866 1393 936 1435 uum
947 1377 1077 1436 Latinas
1094 1379 1199 1436 mimus
1216 1375 1416 1450 Tbymclmem

265 1479 368 1534 rostro
390 1476 478 1548 noos.
866 1479 984 1535 mimam
1000 1478 1198 1536 summittebat
1219 1476 1260 1534 od
1277 1476 1414 1549 mitiacu-

866 1577 944 1636 dmm.

365 1693 412 1751 Ex
447 1691 502 1752 hoc
536 1692 672 1769 exemplo
702 1692 774 1750 satis
809 1711 957 1769 superque
978 1693 1116 1768 intellegi
1149 1665 1250 1770 putes
1265 1711 1324 1769 qua
1345 1691 1413 1766 tide,

265 1794 354 1852 immo
378 1813 436 1869 qua
459 1794 579 1851 licentia
602 1793 691 1853 Valla
714 1792 804 1851 Probi
827 1794 1090 1870 interpretamenta
1112 1793 1316 1871 usurpaverit;
1347 1813 1413 1869 gra·

264 1895 421 1954 vissimum
441 1903 538 1952 autem
562 1894 671 1951 crimen
696 1893 785 1951 simul
812 1895 842 1951 in
865 1893 951 1952 illum
973 1893 1150 1952 intenditur:
1183 1895 1240 1952 sibi
1264 1894 1341 1952 enim
1363 1893 1412 1950 ad·

265 1995 378 2068 scribit,
402 2013 477 2072 quae
499 1994 589 2053 Probi
616 1999 694 2063 sunt,
728 2013 793 2052 cum
816 1995 888 2052 dicit
909 1988 954 2052 ‘ut
978 2013 1043 2052 mea
1065 1994 1125 2053 fert
1147 1989 1265 2070 opinio’.
1309 1993 1352 2051 At
1375 1993 1411 2051 de

263 2095 404 2154 libertina
425 2095 543 2153 Messes
571 2092 638 2153 Cari
666 2093 764 2152 Latini
794 2094 965 2154 condicione
995 2114 1140 2172 nusquam
1168 2095 1241 2153 alibi
1271 2094 1412 2152 traditum

264 2201 310 2254 est
337 2195 498 2272 quidquam
526 2195 585 2252 nisi
611 2195 641 2252 in
670 2194 782 2253 scholio
812 2193 1007 2254 Iuvenaliano
1036 2213 1126 2272 supra
1156 2195 1264 2255 adlato.
1308 2195 1411 2272 Neque

263 2315 367 2356 verum
383 2301 429 2353 eet
442 2302 503 2353 tres
519 2295 589 2354 illos
604 2294 738 2353 homines
761 2295 816 2354 sub
832 2295 974 2354 Nerone
997 2295 1145 2355 delatores
1167 2295 1260 2354 fuisse
1277 2291 1327 2366 (ci.
1342 2295 1411 2356 Tau.

263 2396 366 2472 Agric.
391 2416 415 2455 c.
438 2395 488 2454 45.
516 2393 586 2452 hist.
610 2394 655 2454 IV
678 2396 726 2453 50.
760 2394 853 2454 schol.
876 2394 955 2454 Pith.
978 2395 1014 2454 ad
1037 2396 1104 2456 Iuv.
1128 2395 1173 2456 IV
1196 2395 1249 2469 53)
1261 2393 1279 2470 ¹,
1315 2414 1410 2472 neque

364 2642 372 2672 ¹
395 2639 497 2695 Totum
515 2640 568 2695 hoc
586 2640 721 2695 scholium
740 2640 822 2710 nugis
841 2645 882 2694 est
901 2639 1048 2695 refertum:
1069 2641 1183 2694 Traiani
1203 2659 1312 2704 nomen,
1332 2643 1407 2711 quod

262 2729 336 2797 apud
347 2728 454 2782 Vallem
468 2728 590 2796 additur,
608 2729 680 2782 sicut
699 2729 727 2781 in
746 2727 850 2782 scholio
870 2727 905 2781 ad
917 2728 930 2781 I
942 2729 985 2795 33,
1004 2729 1044 2782 ita
1057 2727 1103 2782 hic
1115 2728 1185 2782 falso
1199 2729 1336 2783 intrusum
1353 2736 1408 2796 est3

261 2817 362 2870 mirum
388 2835 454 2871 vero
477 2816 597 2870 maxime
621 2820 663 2870 est
681 2833 772 2884 neque
798 2815 931 2870 credibile
949 2815 1077 2876 Massam,
1102 2816 1215 2870 Africae
1235 2821 1264 2871 et
1279 2817 1408 2871 Baeticae

260 2910 472 2973 procuratorem
496 2905 575 2957 illum
595 2904 788 2958 avarissimum
807 2909 836 2958 et
855 2903 1008 2959 delatorem
1027 2905 1225 2972 saevissimum,
1254 2906 1408 2959 morionem

260 2993 346 3046 fuisse
374 2995 458 3060 atque
486 2992 595 3052 Carum,
625 2991 838 3046 famosissimum
862 2991 996 3046 Herennii
1023 2991 1181 3046 Senecionis
1210 2998 1408 3060 accusatorem,

260 3099 373 3149 nanum,
392 3096 558 3150 quamquam
578 3079 630 3133 hoc
647 3079 691 3132 bis
708 3097 724 3132 a
738 3079 888 3156 scholiasta
901 3079 1044 3134 adfirmari
1057 3080 1169 3134 videtur
1182 3079 1227 3148 (ci.
1240 3080 1325 3134 verba
1338 3097 1408 3149 quae

261 3172 404 3221 secuntur:
432 3168 460 3221 lu‘
487 3183 577 3221 omnes
605 3169 824 3234 ....fuernut
843 3209 848 3219 .
870 3207 876 3220 .
898 3208 904 3220 .
924 3209 930 3222 .
953 3168 1063 3222 delicim
1090 3167 1244 3238 Auyustis).
1283 3167 1336 3222 Sed
1364 3167 1407 3222 fac

262 3255 439 3309 scholiastam
464 3255 533 3308 alios
557 3254 681 3308 homines
704 3272 736 3308 ac
759 3255 840 3308 nobis
866 3271 980 3323 prorsus
1001 3255 1112 3324 ignotos
1132 3256 1257 3326 intellegi
1275 3257 1407 3310 voluisse:

261 3341 317 3395 iam
340 3339 412 3394 alius
434 3342 636 3396 insimulandus
659 3346 700 3396 est
724 3343 835 3410 erroris,
865 3343 996 3410 quoniam
1015 3343 1153 3396 luvenalis
1171 3344 1282 3411 quidem
1300 3345 1406 3398 nobiles

261 3430 310 3483 hos
339 3447 407 3497 quos
431 3449 515 3499 supra
540 3431 699 3500 scripsimus
724 3431 798 3484 viros
822 3431 902 3484 dixit.
940 3429 1015 3498 Quae
1038 3431 1093 3485 iam
1121 3435 1252 3486 secuntur
1275 3431 1408 3500 (Latinus

260 3521 349 3570 autem
368 3548 400 3556 —
418 3519 499 3573 occisi
518 3519 602 3588 suut),
622 3523 718 3588 aperie
737 3523 802 3573 sunt
819 3519 902 3585 falsa;
922 3537 994 3588 quae
1012 3521 1086 3573 enim
1099 3520 1133 3573 de
1151 3521 1236 3574 mimo
1247 3523 1406 3588 narrantur,

260 3621 316 3658 non
335 3605 370 3657 ad
389 3604 530 3674 Latinum,
549 3605 597 3659 sed
616 3606 652 3659 ad
669 3606 808 3660 Mnestera
825 3608 969 3676 pertinent
987 3606 1035 3677 (ci.
1053 3607 1117 3662 Tac.
1131 3625 1194 3661 ann.
1212 3607 1251 3661 XI
1262 3607 1316 3675 36).
1335 3606 1404 3660 Nam

259 3709 349 3760 neque
372 3709 434 3745 cum
455 3693 555 3747 Paride
573 3693 717 3761 histrione,
744 3695 792 3762 qui
810 3694 907 3748 floruit
924 3695 975 3748 sub
993 3695 1103 3749 Nerone
1122 3694 1165 3761 (cf.
1185 3694 1259 3749 Suet.
1278 3695 1341 3749 Ner.
1360 3692 1403 3744 54.

261 3779 334 3832 Cass.
353 3779 434 3834 Dion.
453 3780 545 3834 LXIll
559 3782 609 3848 18),
632 3798 721 3850 neque
740 3799 802 3836 cum
823 3782 923 3838 Paride
941 3783 1122 3852 pantomimo,
1148 3782 1197 3851 qui
1216 3783 1292 3836 iussu
1310 3779 1403 3834 Demi-

258 3867 329 3920 tiani
347 3866 377 3919 in
395 3867 487 3922 media
499 3869 545 3922 via
557 3868 720 3924 interiectus
740 3873 782 3923 est
800 3869 844 3937 (ci.
856 3870 929 3926 (lass.
940 3870 1019 3926 Dion.
1031 3870 1135 3924 LXVII
1149 3874 1173 3926 3.
1187 3870 1262 3925 Suet.
1275 3870 1354 3924 Dom.
1367 3867 1405 3938 3),

259 3955 392 4008 Latinum
422 3973 480 4010 esse
509 3956 654 4011 confusum
682 3958 890 4014 demonstratur
920 3964 948 4013 et
970 3959 1082 4013 nomine
1104 3959 1269 4014 Messalinae
1294 3962 1322 4012 et
1345 3957 1407 4026 ipsc

259 4043 386 4111 crimine,
405 4047 521 4112 propter
535 4045 609 4112 quod
622 4045 726 4099 occisus
746 4063 804 4100 esre
821 4046 924 4100 dicitur
942 4047 1034 4116 (quasi
1054 4047 1207 4102 conscius
1226 4045 1355 4100 cdrrlterii
1365 4045 1406 4098 M.

258 4131 362 4185 occisus
380 4131 444 4199 est);
472 4131 545 4186 unde
570 4132 735 4202 corrigenda
753 4139 825 4196 eunt,
854 4151 925 4202 quae
947 4135 1060 4188 disserit
1077 4135 1124 4188 Fr.
1145 4134 1263 4188 Strauch
1286 4133 1321 4186 de
1343 4149 1406 4202 per·

258 4219 332 4272 sonis
350 4219 536 4275 Iuvenalianis
554 4237 582 4289 p.
601 4222 644 4274 37.
681 4221 798 4275 Neronis
827 4225 919 4275 autem
947 4239 1057 4290 nomen,
1086 4223 1158 4276 sicut
1176 4221 1238 4276 aliis
1257 4220 1325 4274 locis
1343 4237 1405 4288 per·

306 4307 362 4376 itis,
381 4309 422 4364 ita
439 4309 493 4364 hoo
511 4307 581 4361 falso
600 4308 723 4378 positum
742 4313 792 4376 est,
812 4312 895 4376 atquc
915 4307 961 4363 hic
980 4307 1092 4377 quidem
1104 4326 1156 4378 pro
1169 4307 1312 4375 'Claudii¹;
1331 4307 1407 4375 quod

336 4411 426 4463 uquam
454 4396 484 4449 in
510 4395 602 4450 Probo
632 4396 771 4450 exstitisse
787 4396 867 4450 Valla
894 4397 993 4451 testari
1021 4396 1142 4465 videtur,
1171 4400 1265 4451 tamen
1294 4395 1323 4447 id
1352 4412 1405 4462 pro

356 4483 377 4537 is
399 4484 512 4538 nomine
535 4484 565 4538 in
589 4483 695 4540 edendo
722 4484 775 4539 hoc
793 4483 898 4539 scholio
917 4484 1085 4539 substituere
1103 4483 1186 4539 valde
1201 4481 1309 4545 dubita,
1338 4481 1406 4549 quia
