3250 4914
229 495 447 572 Persianosque
474 497 634 555 maximam
663 501 742 556 certe
768 502 883 574 partem
914 502 944 556 et
974 497 1095 574 plenum
1129 498 1209 574 qnod
1241 501 1376 577 seqnitur

228 596 296 655 inde
319 617 336 655 a
353 617 382 674 p.
400 599 441 656 40
462 598 572 656 codicis
587 597 769 657 scholiorum
785 617 891 674 corpus
907 598 1073 675 descripsit.
1097 597 1284 658 Conveniunt
1298 600 1376 657 enim

227 697 300 756 haec
329 705 470 774 excerpta
495 717 560 757 cum
583 698 758 758 Pithocunis
792 698 915 758 scholiis
937 700 1010 757 satis
1032 705 1178 774 accurate,
1210 700 1268 758 nisi
1297 700 1376 777 quod

227 796 367 855 librarius
394 797 544 856 interdum
573 805 623 857 aut
649 799 743 859 verba
769 798 858 874 paulo
887 799 1025 857 licentius
1054 799 1182 859 mutavit
1211 805 1262 858 aut.
1289 819 1376 877 quae·

229 897 295 956 dam
318 901 427 958 omisit.
471 899 507 957 Id
531 899 646 956 scilicet
667 898 751 956 initio
776 881 1024 973 maxime'egissc
1045 897 1173 972 videtur,
1196 903 1229 956 ut
1243 898 1375 973 haberet,

228 999 305 1057 unde
328 1001 493 1076 explicaret
514 1017 563 1056 res
586 997 637 1058 vel
658 1016 747 1057 voces
770 998 830 1074 ipsi
851 998 979 1073 ignotas,
1003 999 1124 1074 quaein
1140 999 1273 1056 centonis
1289 1019 1376 1076 quem

229 1100 446 1176 conscripserat
456 1099 596 1159 versibus
610 1103 815 1171 occurrerent;
827 1117 896 1156 nam
906 1116 1001 1174 pauca
1012 1103 1126 1156 tantum
1141 1099 1238 1158 adfert
1253 1099 1376 1173 scholia,

229 1219 304 1275 quae
321 1199 358 1258 ad
372 1200 454 1258 locos
469 1201 500 1258 in
517 1205 639 1258 centone
661 1219 719 1258 non
743 1203 895 1256 exstantes
917 1199 1075 1274 pertinent.
1120 1197 1204 1265 Quae
1226 1197 1377 1256 addidisse

230 1317 295 1357 eum
325 1306 406 1376 puto,
437 1301 507 1376 quia
535 1300 598 1358 illis
619 1319 667 1357 res
691 1297 902 1376 aliquomodo
936 1299 1077 1356 notabilis
1111 1298 1239 1357 describi
1261 1300 1312 1358 vel
1333 1318 1377 1357 re·

232 1399 305 1457 ferri
319 1399 487 1460 videbatur.
531 1400 596 1458 Iam
619 1399 785 1458 adscribam
807 1417 856 1458 eas
877 1399 983 1458 horum
999 1403 1206 1476 excerptorum
1225 1399 1377 1474 lectiones,

231 1518 305 1575 quae
328 1519 345 1557 a
366 1499 511 1558 Iahniana
533 1499 715 1559 scholiorum
739 1499 867 1559 editione
890 1499 1060 1575 discrepant
1072 1497 1090 1558 ¹.

328 1619 357 1675 p.
375 1599 423 1658 31.
448 1599 541 1659 schol.
571 1600 608 1657 ad
630 1599 697 1660 Iuv.
714 1599 760 1659 VI
784 1601 862 1658 516:
902 1601 995 1659 Tiora
1017 1601 1045 1658 .ι“.
1067 1600 1228 1659 saeudatu's
1249 1601 1376 1660 babitus.

230 1701 310 1758 Nam
330 1731 370 1740 —
392 1701 469 1773 quod
490 1701 614 1774 fututum
635 1731 675 1738 —
697 1693 810 1758 *schol
835 1699 872 1757 ad
887 1699 933 1758 VI
950 1700 1031 1756 462:
1055 1699 1227 1759 Paccium
1249 1704 1301 1759 est
1320 1716 1377 1758 ma·

230 1801 362 1860 ducamen
384 1830 423 1840 -
444 1800 465 1856 t
486 1805 578 1859 cutem
603 1831 643 1839 -
667 1799 760 1858 schol.
783 1799 820 1858 ad
842 1799 905 1860 VII
929 1801 1005 1857 221:
1032 1799 1168 1859 Cadurci.
1191 1797 1318 1872 Quidam
1337 1829 1378 1838 -

231 1917 289 1958 asse
312 1920 368 1959 om.
392 1931 432 1942 -
454 1902 564 1959 dtntsse
586 1919 643 1958 om.
667 1929 707 1940 —
737 1899 830 1958 schol.
854 1899 891 1957 ad
914 1899 960 1958 VI
984 1901 1043 1957 89:
1074 1897 1273 1972 Seymmtatts.
1307 1899 1379 1973 Sea-

229 2005 327 2059 menta
348 2003 421 2059 uttta
443 2005 485 2059 est
501 2001 635 2073 pendens
659 2033 697 2042 —
714 2001 827 2059 tnteuta
844 2029 879 2040 ·-
899 1999 993 2058 schol.
1015 1999 1052 2058 ad
1071 1999 1150 2058 VIII
1168 2001 1247 2057 148:
1270 1999 1378 2058 lemma

231 2119 286 2159 cm.
311 2100 475 2172 Snsftamen
503 2105 544 2158 est
567 2129 607 2140 -
630 2101 700 2159 dum
727 2095 740 2174 ΙΙ
764 2120 792 2176 p.
809 2101 857 2158 32.
880 2101 992 2186 apparat
1014 2129 1051 2139 -
1074 2101 1199 2159 calcerus
1220 2129 1260 2140 -
1286 2099 1378 2158 schol.

230 2200 369 2260 adVIII
393 2201 471 2258 155:
508 2201 622 2259 Robnm
654 2201 682 2258 .ι“,
711 2201 862 2259 robustam
893 2195 1017 2258 iuuenca}
1051 2201 1162 2272 rufum.
1223 2201 1307 2260 Unde
1324 2201 1378 2239 ’-

232 2295 267 2334 *2
291 2299 384 2358 schol.
400 2299 436 2356 ad
452 2299 482 2356 X
500 2294 580 2357 129:
603 2300 712 2358 lemma
732 2299 839 2358 scholii
856 2299 928 2359 editi
943 2301 1036 2359 deest.
1070 2301 1261 2360 Demostenis
1284 2301 1378 2358 Pnu-

231 2401 335 2472 n'ppus
360 2429 400 2440 -
423 2399 634 2460 demosthenem
655 2403 724 2459 dam
745 2402 801 2460 sibi
833 2433 873 2442 -
902 2405 1015 2474 smmpto
1039 2419 1094 2460 om.
1126 2431 1166 2443 —-
1199 2394 1318 2459 *schol
1341 2399 1378 2458 ad

232 2499 262 2558 X
287 2500 365 2558 130:
399 2499 507 2557 lemma
535 2499 641 2559 scholii
667 2501 740 2559 editi
767 2501 859 2560 deest.
894 2493 1068 2561 demostenes
1094 2501 1174 2573 fabri
1198 2502 1281 2574 silius
1307 2505 1379 2560 erat.

232 2599 324 2660 schol.
347 2601 384 2658 ad
406 2600 486 2660 VIII
510 2601 566 2659 66:
594 2602 740 2674 Epiredtu
763 2603 791 2661 n'.
816 2606 987 2662 ornamenta
1011 2632 1048 2641 -
1073 2600 1227 2660 scholad
1247 2601 1277 2658 X
1301 2601 1379 2659 168:

234 2699 568 2761 Portunamnetu
600 2719 707 2775 mayrm
728 2703 780 2775 qut
800 2703 834 2760 u'n
852 2701 928 2774 pelle
949 2703 1064 2760 ciuitate
1096 2701 1260 2795 macedam}
1291 2697 1381 2759 uatus

232 2806 283 2860 ast.
318 2801 411 2860 schol.
427 2801 464 2858 ad
479 2799 509 2857 X
526 2802 584 2858 199
599 2821 604 2858 :
628 2803 793 2875 Madidtq;
814 2802 946 2872 Infantia
961 2804 1036 2860 nasi.
1068 2801 1120 2858 Ita
1134 2801 1253 2876 senibus
1267 2817 1379 2859 —eeu

232 2901 378 2972 ansanum
404 2931 437 2938 -
465 2899 558 2958 senor.
576 2901 613 2958 aa
628 2901 676 2958 Χῖ
692 2903 751 2959 ar:
776 2881 1141 2962 ΓΝωοθιοελΥΤοΝ.
1171 2901 1234 2958 Hoc
1255 2901 1382 2960 sanam

233 3030 270 3039 -
295 3016 355 3074 aye.
371 2995 384 3074 ιι
399 3020 427 3076 p.
445 3001 494 3058 33.
538 2999 629 3058 schol.
664 3001 700 3058 aa
722 3001 803 3060 v111
825 3002 902 3060 190:
945 3001 1115 3060 Tuscana
1138 3003 1167 3058 ι.
1191 3005 1251 3060 nes
1273 3018 1380 3060 currus
1455 2982 1456 2986 '

232 3095 345 3159 nobilia
373 3099 492 3172 fabulas
524 3105 640 3174 acentes
672 3103 781 3160 attatum
812 3103 881 3174 quic
912 3113 955 3156 ιιι
984 3101 1072 3160 simul
1102 3105 1206 3160 coeunt
1236 3097 1381 3174 (quamuis
1488 3091 1496 3102 ⁵

233 3200 338 3272 aliquot
358 3204 531 3272 quaerentes
553 3196 632 3274 om).
666 3200 759 3259 schol.
789 3200 825 3259 ad
848 3199 896 3258 XI
913 3201 992 3258 126:
1025 3201 1167 3260 Natubeo.
1195 3202 1279 3260 lucus
1300 3201 1383 3292 tuctu‘p

232 3301 283 3358 ubi
304 3299 424 3370 elefanti
445 3303 617 3359 nascuntur.
652 3299 745 3360 schol.
769 3299 806 3358 ad
828 3299 910 3358 XIII
928 3301 1006 3358 167:
1036 3301 1202 3359 Thracicum
1225 3301 1254 3358 n‘.
1277 3301 1317 3360 act
1339 3329 1379 3338 -

235 3399 327 3458 schol.
349 3398 386 3456 ed
408 3399 489 3457 XIII
507 3402 586 3459 168:
609 3403 755 3474 Pipmeus.
799 3399 872 3474 Quis
893 3429 933 3440 -
953 3402 1083 3476 ptomeos
1110 3431 1149 3440 -
1178 3399 1231 3460 bac
1251 3401 1381 3459 studu'um

234 3503 277 3558 est
310 3529 347 3538 —
382 3499 476 3558 schol.
502 3499 539 3557 ad
560 3499 645 3558 Pers.
668 3499 701 3558 II
718 3503 743 3559 1.
789 3499 850 3558 Hoc
872 3500 1047 3558 Persianum
1070 3499 1216 3558 scholium
1239 3503 1327 3576 atque
1349 3498 1380 3557 id

236 3599 314 3676 quod
349 3599 482 3676 sequitur
516 3598 567 3672 (ad
590 3593 717 3677 11140)
750 3601 864 3676 publici
895 3601 969 3658 iuris
1003 3601 1075 3658 feeit
1096 3600 1229 3658 Wirzins
1261 3600 1282 3658 l.
1305 3619 1329 3658 o.
1352 3619 1380 3675 p.

234 3701 294 3759 447
317 3699 385 3778 sq.³
421 3700 547 3778 LegItur
569 3707 667 3759 antem
690 3702 721 3758 in
743 3699 806 3760 cod.
829 3719 888 3760 non
909 3705 943 3760 ut
963 3699 1132 3798 ine-edidit
1149 3699 1306 3770 sonitans,
1329 3699 1380 3758 sed

235 3825 433 3834 ——-—-

338 3891 345 3920 ¹
369 3886 591 3956 Uniuscuinsque
614 3887 714 3942 scholii
736 3887 828 3956 prima
851 3886 937 3941 verba
963 3886 1072 3954 aarum
1101 3903 1116 3939 e
1140 3887 1270 3939 lemmate
1293 3885 1381 3955 igitur

235 3973 332 4027 scholii
352 3974 420 4028 editi
440 3975 462 4028 si
482 3992 552 4043 quae
572 3975 679 4040 desunt,
702 3992 759 4029 uon
777 3992 905 4044 expresse
921 3992 1028 4028 moneo.
1065 3974 1206 4028 Asteriscc
1226 3991 1258 4028 ea
1276 3973 1382 4028 scholia

236 4063 424 4129 notatarum,
452 4080 523 4131 quae
542 4063 578 4116 ad
595 4063 670 4117 locos
687 4063 716 4115 in
735 4066 853 4117 centone
872 4080 928 4115 uon
947 4065 1087 4116 exstantes
1105 4062 1255 4130 pertinent.
1279 4091 1313 4101 -
1334 4061 1382 4114 Ce-

236 4149 328 4199 terum
346 4147 380 4201 de
398 4149 442 4202 his
462 4150 599 4218 excerptis
619 4149 653 4204 cf.
673 4149 756 4203 Wirz.
776 4151 794 4202 1.
814 4167 836 4204 c.
857 4167 885 4218 p.
899 4151 951 4202 445
963 4165 1002 4216 sq.
1100 4177 1103 4185 «

337 4235 347 4266 ²
366 4235 468 4290 Exstat
486 4237 516 4290 in
535 4242 651 4292 centone
669 4238 729 4291 Inv.
748 4237 774 4290 X
794 4238 854 4290 114.

338 4321 348 4354 ³
367 4322 473 4376 Eadem
491 4324 595 4378 scholia
614 4329 642 4379 et
661 4325 690 4378 in
710 4325 770 4380 cod.
783 4325 871 4378 Mont.
887 4325 937 4378 125
957 4328 1067 4379 exstant
1088 4323 1135 4390 (cf.
1148 4341 1175 4392 p.
1191 4324 1225 4376 14
1234 4323 1286 4388 sq.)
1305 4323 1332 4372 et
1352 4319 1381 4372 in

236 4407 289 4463 hoc
308 4409 368 4478 Ipso
392 4411 486 4464 codice
508 4412 594 4480 paulo
617 4412 733 4466 interius
752 4429 779 4480 p.
793 4413 828 4466 38
838 4429 879 4480 sq.
899 4411 990 4465 denuo
1014 4413 1146 4481 leguntur
1171 4407 1327 4464 accuratius
1350 4409 1382 4458 ut

236 4495 348 4552 videtur
367 4497 507 4567 descripta
525 4515 586 4554 cum
606 4499 668 4554 alita
686 4499 826 4554 Persianis
846 4498 895 4568 (ct.
916 4497 990 4554 infra
1008 4515 1036 4568 p.
1052 4499 1106 4567 22).
