3266 4914
488 495 526 552 18
539 490 547 528 ¹

487 595 525 652 19
558 594 641 670 prius

251 691 289 748 19
315 689 400 749 alter.
544 693 658 752 schol.¹

313 789 405 850 schol.

251 891 291 948 20

250 991 288 1047 21

251 1092 289 1147 22

488 1191 526 1248 23
538 1196 649 1248 utrum·

251 1291 291 1348 24
467 1310 525 1368 que
549 1288 664 1349 schol.²

251 1391 290 1450 25

941 1489 994 1544 027
1007 1492 1119 1545 utrum·

940 1606 996 1666 que
1014 1586 1126 1646 schol.³

233 1762 431 1770 ——-—

333 1869 340 1898 ¹
361 1866 453 1919 Valla:
484 1865 520 1918 In
537 1865 637 1919 tabulis
656 1893 689 1902 -
708 1865 774 1919 arti.
795 1865 841 1918 uhi
859 1881 952 1919 nonen
970 1867 1100 1922 scribitur
1117 1867 1245 1922 haeredis.
1271 1868 1319 1924 hoc
1338 1873 1375 1922 est

233 1960 282 2009 aut
301 1955 326 2008 si
345 1953 535 2009 haereditatem
552 1952 686 2022 captavit:
707 1957 755 2006 ant
774 1967 889 2007 amarem
908 1954 1009 2009 annae
1026 1955 1172 2023 locupletia.

331 2045 342 2076 ²
362 2042 454 2096 Valla:
475 2041 567 2095 Multa
582 2069 614 2078 -
630 2039 742 2108 apitius.
767 2040 813 2108 qui
831 2039 944 2110 scripsit
961 2041 992 2095 dc
1010 2043 1130 2097 ciborum
1149 2043 1326 2098 condimentis
1344 2051 1376 2098 ut

235 2131 346 2186 Plinius
363 2129 492 2185 unminit.
510 2127 596 2182 Miser
612 2133 636 2181 ct
653 2127 739 2196 frnpi.
763 2127 877 2181 Marcus
901 2128 1008 2196 apicius
1033 2131 1088 2196 fuit
1115 2131 1140 2184 si
1164 2147 1226 2190 pcum
1258 2131 1376 2200 crispino

232 2224 400 2287 comparetur
419 2233 478 2272 cum
497 2215 542 2268 illc
558 2215 638 2283 palus
656 2214 795 2268 intruetur
818 2215 973 2283 exemplum.
992 2216 1034 2269 De
1054 2218 1095 2271 his
1115 2220 1227 2274 scholiis
1245 2219 1376 2289 strupra
1433 2277 1434 2280 ,

229 2325 257 2377 p.
278 2309 312 2362 30
326 2323 366 2374 sq.

331 2391 341 2423 ³
362 2390 451 2445 Valla:
471 2389 620 2445 Provincia
638 2390 710 2444 tanti
727 2391 817 2446 ueudd
836 2407 924 2461 apros.
945 2391 1151 2464 amphibolopia
1164 2396 1256 2466 iuquit
1269 2397 1377 2453 Probus

230 2487 321 2535 atrurn
339 2495 420 2548 apros
439 2495 476 2533 an
495 2479 582 2532 mulos
600 2477 665 2548 (leg.
685 2479 791 2547 rnulns)
811 2484 843 2534 nt
857 2495 908 2547 per
928 2481 1121 2550 arentraphen
1138 2484 1323 2554 postpositum
1339 2484 1377 2538 sit

230 2570 291 2625 ‘secl
308 2569 356 2624 hoc
372 2573 467 2638 pacto:
485 2567 533 2623 scd
551 2584 634 2638 apros
651 2568 767 2622 maiores
786 2568 883 2636 apulia
901 2567 990 2623 cendit
1008 2571 1049 2624 ael
1069 2575 1137 2624 certe
1147 2571 1291 2639 prouincia
1303 2573 1377 2626 tenti

229 2657 321 2713 ¹rendit
339 2672 419 2727 apros
428 2679 430 2684 ’
440 2656 539 2724 quanti
557 2661 588 2710 tu
600 2656 684 2709 mulos
702 2655 796 2710 emisti
816 2655 868 2710 Sed
881 2655 996 2711 maiores
1009 2656 1106 2726 apulia
1117 2648 1214 2712 uendit.
1234 2659 1282 2713 hac
1295 2659 1376 2713 elicit:

230 2746 346 2800 maiores
364 2745 461 2812 apulia
480 2744 572 2799 ondit
590 2745 674 2797 uuus
692 2744 916 2812 ntplaectPrabo
935 2761 1001 2812 quos
1019 2750 1050 2798 tu
1060 2745 1275 2812 prouincialibus
1287 2748 1377 2816 pratis

230 2833 386 2887 abstulisti:
406 2837 431 2886 et
449 2831 545 2886 ironia
564 2838 601 2886 est
611 2833 729 2886 maiores
741 2831 837 2900 apulia
848 2831 948 2886 uendit.
967 2832 1007 2886 Cf.
1020 2833 1055 2886 de
1067 2833 1110 2886 his
1121 2833 1376 2903 interpretamentis

231 2919 465 2975 Schurtzfleiaehii
484 2919 694 2974 adnotationem
713 2920 742 2990 (l.
761 2937 783 2975 c.
802 2937 830 2989 p.
845 2920 879 2974 33
892 2924 953 2989 sq.)‚
973 2921 1163 2976 cuitamenut
1175 2922 1377 2991 adstipulamur

231 3009 315 3078 longe
333 3008 423 3075 ebeat3
444 3007 529 3061 immo
547 3007 636 3061 miror
656 3007 830 3076 Schopenum
849 3007 878 3076 (l.
899 3026 921 3063 e.
941 3027 968 3078 p.
989 3010 1052 3081 363)
1081 3009 1215 3064 adsentiri
1239 3010 1282 3064 illi
1310 3013 1375 3066 scri·

232 3096 310 3150 benti
330 3095 519 3164 ‘amphibolia’.
549 3095 617 3148 Cum
647 3095 720 3148 enim
746 3099 775 3150 et
794 3096 895 3150 Donati
926 3095 993 3150 artis
1022 3115 1138 3167 gramm.
1166 3097 1237 3152 liber
1255 3099 1376 3167 optimus

231 3184 320 3252 (Laid.
339 3183 408 3238 bibl.
428 3183 505 3253 publ.
526 3200 568 3236 nr.
588 3184 651 3252 122)
671 3183 818 3238 lectionem
842 3183 1068 3254 ‘Amphihalcpia’
1091 3185 1222 3240 exhibeat
1247 3186 1375 3256 [gramm.

232 3273 292 3328 lats.
312 3272 356 3326 ed.
370 3272 442 3326 Keil.
463 3291 489 3326 v.
508 3271 546 3326 IV
570 3289 596 3340 p.
617 3272 681 3340 395)
705 3275 734 3326 et
752 3273 853 3326 Isidori
873 3277 948 3327 certe
977 3273 1127 3327 deteriores
1155 3273 1262 3327 codices
1286 3274 1375 3344 origg.

231 3361 244 3414 I
261 3363 295 3414 34
315 3361 431 3415 eandem
450 3360 553 3414 habere
570 3358 718 3414 videantur
730 3359 775 3429 (cf.
788 3360 882 3430 Migne
894 3361 996 3429 patrol.
1013 3377 1083 3414 curs.
1096 3378 1121 3414 v.
1135 3360 1264 3413 LXXXII
1283 3379 1309 3430 p.
1326 3363 1376 3414 109

232 3466 260 3500 n.
273 3448 305 3517 1),
336 3447 407 3500 mihi
426 3447 538 3515 quidem
557 3451 663 3502 ae1tun1
682 3452 725 3502 est
743 3447 852 3502 Vallem
871 3449 900 3501 in
918 3448 991 3502 libro
1009 3465 1058 3502 suo
1077 3448 1214 3502 invenisse
1231 3449 1376 3518 ‘amphita-

233 3534 305 3605 lupia
313 3537 328 3588 ’.
365 3535 447 3588 Prius
466 3534 610 3595 scholium,
641 3535 716 3602 quod
735 3553 752 3589 a
771 3535 931 3589 Pithoeanis
960 3535 1046 3597 abeat,
1077 3535 1144 3589 satis
1163 3540 1204 3590 est
1223 3536 1376 3606 integrum3

234 3623 354 3677 alterum
372 3639 438 3676 vero
459 3621 489 3676 in
508 3623 587 3677 codd.
606 3622 693 3676 Mont.
722 3627 750 3676 et
769 3623 852 3692 Sang.
883 3624 993 3692 plenius
1017 3627 1115 3678 exstat.
1143 3623 1254 3693 Duplex
1283 3629 1377 3678 autem

233 3728 266 3764 eo
285 3710 441 3778 explicatur
459 3710 514 3764 laci
532 3709 707 3764 Iuvenaliani
725 3711 879 3779 scriptura;
899 3712 986 3766 verba
1004 3711 1086 3780 enim,
1106 3729 1177 3780 quae
1200 3713 1295 3781 priora
1314 3711 1374 3766 loco

233 3799 381 3856 scholiasta
400 3799 556 3867 Crispinum
583 3799 797 3868 respondentem
816 3800 885 3855 facit
912 3799 1027 3868 (Apulia
1044 3799 1139 3854 carius
1167 3815 1247 3869 apros
1264 3800 1376 3867 uendit),

235 3888 270 3942 ad
289 3888 437 3942 lectionem
455 3885 587 3941 ‘mantis’
604 3887 747 3954 pertinent
774 3889 868 3956 (quam
897 3892 995 3942 contra
1023 3888 1113 3958 legem
1132 3888 1243 3956 pediam
1260 3905 1376 3956 peccare

235 3993 348 4030 menon
361 3975 458 4046 fugit);
478 3991 549 4042 quae
567 3991 633 4029 vero
652 3979 783 4029 secuntur
802 3975 854 4043 (uel
871 3975 985 4030 maiorm
999 3975 1087 4043 pisces
1101 3975 1165 4045 eto.)
1185 3975 1221 4028 ad
1234 3976 1376 4044 vulgatam

235 4065 402 4134 scripturam
424 4068 560 4132 spectant,
579 4063 620 4117 ita
638 4067 670 4117 ut
691 4063 848 4133 Crispinum
866 4065 1053 4132 vituperatori
1073 4064 1207 4118 obiecisse
1227 4063 1376 4118 avaritiam

234 4152 384 4206 scholiasta
401 4150 505 4221 fingat3
524 4155 598 4204 reete
617 4151 705 4220 igitur
722 4152 836 4206 Iahnius
855 4152 908 4207 hoc
925 4152 1061 4206 acholium
1080 4152 1192 4220 scripsit
1220 4169 1310 4220 neque
1330 4151 1375 4205 ad·

235 4238 425 4307 stipulandum
443 4242 485 4292 eat
505 4236 748 4293 Schurtafleischio
768 4243 797 4292 et
815 4239 986 4308 Heinrichi0‚
1006 4239 1054 4307 qui
1075 4239 1159 4294 scribi
1182 4239 1291 4293 iubent:
1320 4254 1375 4292 nu·

233 4326 302 4380 ioris
311 4326 400 4396 pisces
412 4325 510 4382 vendit.
525 4325 609 4382 Oodd.
623 4327 706 4380 lectio
718 4326 813 4381 Vallae
826 4345 937 4396 quoque
948 4328 1198 4396 interpretamento
1209 4327 1376 4382 defenditur.

234 4412 381 4467 Extrema:
411 4414 448 4468 ‘ct
464 4412 556 4468 ironia
574 4418 614 4467 est
633 4413 674 4480 (ut
693 4417 735 4467 est
755 4415 829 4483 apud
850 4414 985 4483 Vallem):
1016 4431 1049 4468 nr.
1070 4416 1104 4468 A.
1123 4416 1161 4468 a.'
1193 4431 1296 4470 novum
1319 4433 1376 4472 esse

237 4499 381 4566 scholium,
395 4519 449 4570 quo
468 4502 544 4557 locus
563 4502 647 4556 aliter
666 4502 827 4570 explicetur,
846 4503 907 4571 quis
924 4507 966 4556 est
984 4503 1051 4574 quin
1070 4503 1183 4559 videat?
