3266 4914
258 573 299 630 86
309 571 436 630 alterum

328 671 421 730 schol.

258 773 298 831 89

259 874 300 931 90

259 970 320 1032 93²
422 973 428 984 '

256 1177 296 1234 94
306 1176 433 1233 alterum

325 1275 419 1334 schol.

258 1376 296 1434 96

258 1477 296 1534 98

237 1579 294 1635 101

237 1678 296 1734 102
317 1663 324 1670 ’

236 1778 295 1836 103

236 1880 295 1937 104

236 1972 301 2038 105

236 2082 294 2139 106

234 2282 291 2338 111

234 2382 293 2439 113

234 2579 432 2586 ———-——.

336 2717 462 2771 ¹Vslla:
491 2716 634 2772 Gaurana.
662 2716 767 2770 baiana
792 2733 809 2770 a
832 2716 886 2770 loco
905 2716 958 2784 (cl.
977 2717 1062 2771 schol.
1090 2716 1168 2771 codd.
1189 2715 1265 2771 Voss.
1283 2735 1326 2771 nr.
1347 2720 1379 2771 18

233 2807 261 2858 et
280 2805 328 2858 64:
348 2804 497 2859 Gaurano:
525 2803 662 2858 Garunna
680 2809 793 2858 amatur
811 2803 877 2858 litus
895 2803 1041 2857 Baianum.
1072 2803 1148 2858 Hinc
1176 2803 1312 2859 Garrraua
1337 2804 1378 2858 di·

230 2898 329 2946 cuntur
349 2897 447 2961 ostrea,
466 2909 534 2961 perae
551 2892 590 2946 ibi
607 2891 800 2962 sculpuntur).
821 2891 909 2946 Ocsmi
921 2891 1057 2945 -abena
1078 2892 1124 2960 qui
1137 2892 1297 2946 luxuriosus
1314 2892 1377 2960 serit.

229 2980 384 3034 Martialis.
402 2981 531 3048 pastillos
550 2980 634 3034 cosmi
650 2980 796 3034 luauriosu
814 2995 894 3034 corus
912 2979 935 3046 (I
954 2980 999 3041 87,
1019 2978 1047 3048 2)
1077 2979 1125 3048 qai
1142 2980 1238 3034 solium
1257 2981 1288 3034 in
1307 2980 1378 3050 quod

228 3067 404 3122 descendebat
423 3067 517 3122 multis
534 3067 699 3136 diversisque
716 3067 844 3122 odoribus
856 3067 1012 3136 perfudisse
1027 3068 1124 3134 fertur.

334 3156 345 3188 ²
362 3155 408 3209 Ad
426 3173 452 3209 v.
471 3156 506 3208 93
526 3153 607 3209 Valle
625 3156 754 3210 adnotat:
784 3155 825 3209 Et
844 3155 935 3223 capito
953 3160 978 3210 et
995 3160 1077 3209 tutor.
1108 3157 1156 3223 qui
1173 3171 1231 3209 cum
1254 3156 1380 3225 capitone

229 3239 378 3296 daucnotus
397 3248 444 3296 est.
465 3241 546 3310 Quod
564 3261 627 3298 cum
646 3244 760 3298 aliunde
778 3247 876 3297 not-um
894 3243 1013 3311 nonsit,
1033 3260 1047 3296 a
1066 3243 1160 3297 Probo
1188 3243 1217 3296 id
1236 3247 1378 3311 sumptum

232 3343 291 3382 esse
309 3329 399 3382 videri
416 3334 510 3398 potest
529 3331 659 3400 cuipiam.
679 3331 732 3384 Sed
751 3331 780 3384 in
798 3330 883 3384 schol.
902 3329 975 3383 Pith.
996 3329 1032 3383 ad
1050 3348 1075 3384 v.
1096 3331 1130 3382 94
1149 3331 1238 3384 altero
1260 3331 1376 3400 legitur:

232 3421 257 3470 et
280 3417 405 3471 Tutorem
423 3418 510 3472 nescio
528 3435 611 3487 quem.
634 3417 811 3472 Probabilius
836 3416 985 3486 igiturest
1005 3416 1115 3470 Vallum
1134 3417 1186 3471 hoc
1204 3418 1247 3472 vel
1265 3417 1378 3472 finxisse

227 3504 272 3558 vel
291 3521 306 3558 e
324 3505 463 3559 Iuvenalis
481 3506 574 3559 verbis
593 3510 697 3559 temere
714 3504 871 3558 coniecisse.

332 3592 343 3624 ⁸
361 3593 455 3647 Valla:
476 3594 634 3648 Damnaute
644 3597 747 3647 senatu.
760 3593 950 3647 accusantibus
956 3591 1173 3661 prouincialibus
1184 3591 1230 3661 (cf.
1242 3591 1375 3663 Schopen.

228 3679 246 3732 1.
267 3697 288 3734 c.
309 3697 336 3749 p.
356 3683 429 3747 103).
458 3681 575 3734 Piratae
603 3679 718 3734 cilicum.
746 3680 910 3748 spoliatores
935 3681 1006 3734 uelut
1031 3681 1146 3750 piratae
1172 3681 1280 3736 cilicum
1309 3682 1375 3749 auio

225 3768 313 3823 cilices
329 3769 439 3839 piratae
454 3769 580 3835 fuerunt:
599 3784 661 3838 erpo
677 3769 818 3838 principes
834 3769 992 3838 piratarum
1010 3807 1121 3824 .....

330 3857 405 3911 ‘Ad
424 3873 467 3911 vr.
481 3859 516 3912 95
530 3861 558 3910 et
571 3858 606 3910 96
624 3857 706 3912 Valla
721 3857 790 3912 haec
809 3857 958 3912 adscribit:
986 3857 1143 3928 Obmrippc.
1163 3859 1268 3928 pupille
1285 3897 1375 3912 .....

228 3943 293 3997 Oum
317 3961 418 4013 pansa.
448 3950 522 4000 tutor
551 3951 614 3999 tuus
639 3947 688 4015 oui
713 3961 803 4002 romae
826 3933 962 4000 libitinam
981 3943 1104 3998 summit.
1142 3943 1217 4010 Quae
1237 3946 1304 4014 quid
1323 3946 1376 4000 sibi

227 4032 325 4100 velint,
357 4033 472 4102 adsequi
497 4053 555 4089 non
586 4052 707 4104 possum,
734 4050 824 4104 neque
852 4033 925 4086 unde
952 4033 1051 4086 heusta
1075 4032 1132 4085 sint
1149 4033 1203 4085 nisi
1221 4049 1255 4086 ex
1274 4032 1375 4088 Probo.

225 4121 256 4175 Si
280 4139 346 4176 vero
371 4121 456 4176 schol.
475 4123 549 4178 Pith.
569 4123 605 4177 ad
623 4123 651 4178 h.
669 4124 687 4176 1.
705 4122 785 4176 Valla
803 4122 834 4174 iu
853 4121 946 4175 codice
969 4136 1018 4173 suo
1041 4119 1199 4183 invenisset,
1226 4123 1301 4174 certe
1319 4137 1374 4174 non

228 4210 268 4264 ita
286 4210 379 4264 locum
397 4212 570 4280 explicasset.

328 4296 451 4352 'Valles
478 4300 518 4353 Et
541 4305 624 4367 poter
648 4298 776 4352 annunti:
801 4302 911 4350 taurum
935 4294 1001 4348 dicit
1025 4295 1067 4350 ael
1088 4294 1292 4350 admissarium.
1333 4293 1374 4350 Cf.

229 4383 314 4439 schol.
334 4384 394 4440 cod.
414 4385 490 4440 Leid.
508 4386 576 4439 bibl.
596 4386 673 4454 publ.
691 4403 733 4438 nr.
751 4386 786 4438 82
811 4383 898 4452 (apud
917 4381 1015 4452 Gigoh.
1033 4382 1050 4436 1.
1070 4399 1093 4438 o.
1111 4400 1137 4452 p.
1159 4383 1215 4452 11):
1239 4382 1375 4438 Armmtt.

226 4477 323 4527 tauros
341 4470 414 4526 dimit
430 4473 471 4530 acl
489 4488 570 4542 equos
590 4472 776 4526 admissarios.

1157 4593 1174 4647 5
