3250 4914
796 283 813 358 1

233 462 282 534 611,
306 461 415 537 partim
429 461 543 537 recepit
563 479 660 536 neque
674 465 774 518 tamen
796 460 827 517 in
849 458 1038 517 adnotatione
1059 457 1163 516 critica
1185 457 1383 515 crecentiore

232 579 322 619 manu
344 559 445 618 addita
467 579 532 619 esse
550 565 768 620 commemorat.
806 560 852 618 De
867 559 1084 636 posterioribus
1099 562 1214 616 tantum
1229 558 1382 634 -priora

233 662 311 720 eninr
339 680 433 738 nuper
454 661 528 720 mihi
550 662 677 721 Bonneti
704 661 833 719 maxime
854 660 997 718 beneficio
1023 660 1273 717 innotuerunt-
1298 677 1382 716 aecu-

233 763 328 820 ratius
361 762 507 840 quaesivi.
553 763 682 821 Exstant
708 762 801 838 igitur
832 761 930 820 omnia
960 761 1024 818 fere
1051 760 1082 817 in
1115 778 1173 818 nno
1204 759 1382 836 pluribusve

233 861 318 920 codd.
342 861 541 937 Leidensinm,
564 863 595 921 in
618 862 727 940 quibus
751 861 865 920 scholia
881 859 1061 934 Cornutiape
1082 859 1282 933 inveniuntur,
1305 859 1381 918 Vos-

233 963 333 1022 616666
366 962 432 1021 1166
458 981 503 1021 nr.
527 963 564 1020 18
587 967 616 1020 et
638 981 682 1021 nr.
706 963 746 1020 64
777 967 866 1038 atque
894 959 966 1019 bibl.
993 960 1074 1036 publ.
1105 979 1149 1018 nr.
1173 960 1212 1016 82
1222 954 1242 1016 ¹.
1287 955 1381 1017 Grato

233 1081 305 1123 vero
338 1068 372 1120 ut
401 1082 528 1140 aequum
555 1068 601 1121 est
629 1063 726 1120 animo
756 1061 805 1120 hie
834 1060 1056 1119 memorandum
1086 1066 1132 1118 est·
1163 1060 1230 1120 viro
1259 1058 1380 1134 egregio

234 1162 271 1222 da
302 1163 378 1222 Rieu
409 1161 553 1224 benevole
583 1161 784 1221 intercedente
814 1167 917 1220 nostra
953 1180 1042 1220 causa
1075 1161 1113 1218 iis
1147 1159 1254 1237 quibus
1282 1159 1382 1219 visum

234 1268 280 1322 est
307 1263 382 1323 locis
410 1263 526 1322 codices
548 1263 710 1322 Leidcnees
734 1263 903 1338 inspexisse
926 1261 961 1320 de
984 1263 1086 1338 eisque
1109 1261 1269 1336 diligenter
1290 1265 1381 1318 rettu-

233 1363 307 1422 lisse
333 1363 433 1423 virum
461 1364 580 1422 doctum
614 1363 833 1442 humanumque
864 1383 923 1423 van
950 1363 1043 1422 Vecn.
1095 1361 1185 1420 Cuius
1211 1361 1381 1420 testimonie

234 1465 369 1522 nituntur
394 1483 436 1538 66,
460 1483 535 1542 qnae
558 1464 594 1523 de
609 1465 730 1523 illorum
754 1465 888 1524 codicum
911 1463 1032 1522 scholiis
1048 1464 1079 1522 in
1101 1463 1230 1522 medium
1252 1462 1382 1539 profere-

237 1583 312 1622 mus.
356 1563 439 1622 Haec
466 1570 564 1624 nutem
593 1585 629 1624 ex
652 1565 783 1636 scholiis,
811 1585 886 1642 qnae
912 1567 942 1624 in
966 1565 1063 1623 Iahnii
1084 1564 1212 1623 editione
1233 1564 1383 1638 leguntur,

236 1685 325 1724 mann
348 1665 477 1725 secunda
501 1661 565 1741 (8²)
588 1669 618 1726 in
642 1668 742 1727 codice
764 1667 1025 1744 Montepessuleno
1048 1663 1121 1724 sunt
1139 1664 1253 1723 addita:

335 1764 434 1826 Schol.
451 1767 516 1826 edI
532 1769 572 1827 20
595 1765 638 1842 (in
654 1768 718 1828 eod.
730 1768 823 1828 Mont.
841 1768 878 1826 sd
895 1770 943 1826 11.
958 1768 1021 1826 fere
1035 1787 1155 1827 versum
1171 1760 1382 1842 adscriptum):

236 1863 384 1926 Aurunca.
429 1868 557 1928 Luciam
571 1870 732 1942 6616616666
747 1869 828 1944 dicit,
844 1870 895 1942 qai
909 1869 969 1940 fait
981 1866 1141 1928 Auruncus
1155 1867 1188 1926 id
1202 1869 1245 1926 661
1263 1865 1384 1924 Tuscae.

236 1995 276 2006 -
299 1966 409 2025 Exstat
430 1968 461 2025 in
484 1968 568 2027 codd.
591 1969 678 2028 Voss.
698 1988 743 2028 nr.
767 1970 804 2026 18
829 1974 858 2028 et
879 1965 1012 2027 nr.·84².

335 2067 427 2127 schol.
451 2068 489 2127 ed
510 2068 578 2128 132
605 2070 636 2127 in
666 2069 729 2128 cod.
752 2069 845 2128 Mont.
873 2069 1012 2128 lemmate
1041 2068 1150 2128 omisso
1173 2069 1215 2126 ita
1239 2067 1383 2144 scriptum

236 2172 298 2226 est:
337 2165 506 2228 Adsecutus
536 2169 604 2240 fuit.
639 2171 689 2243 qui
718 2170 851 2240 66616616
884 2171 964 2229 diaes
994 2169 1170 2240 effeetus-11
1192 2199 1233 2209 -
1255 2167 1383 2226 Lectica.

233 2285 326 2342 66666
352 2269 492 2340 66116611·
524 2271 634 2330 6611166
656 2271 732 2329 cuiue
756 2271 863 2330 16611616
881 2271 1068 2330 turbabantur.
1093 2299 1129 2308 -
1154 2269 1283 2326 Exstant
1311 2267 1383 2326 haee

237 2367 294 2427 duo
318 2367 432 2427 scholia
453 2369 484 2428 in
507 2369 591 2428 codd.
614 2370 703 2430 Voss.
725 2389 770 2429 nr.
797 2370 833 2428 18
857 2376 887 2428 61
908 2389 952 2428 nr.
978 2368 1045 2429 64³.

336 2468 430 2528 schol.
453 2467 611 2529 61116οε
645 2472 751 2530 Tereia
783 2467 840 2544 (sic
869 2472 901 2529 in
934 2470 998 2530 cod.
1021 2465 1126 2544 Mont.)
1159 2486 1262 2530 cauea
1294 2485 1382 2528 ruera-

236 2569 319 2627 trieis
339 2567 360 2625 1
383 2564 440 2640 (sio
452 2565 530 2643 eod.)
545 2571 637 2629 tercia
657 2571 732 2642 ipsa,
754 2571 788 2630 id
809 2574 851 2629 661
872 2588 936 2630 eum
958 2571 1069 2629 duobus
1090 2570 1244 2639 adulteris,
1266 2572 1299 2627 ut
1320 2585 1383 2627 aar·

233 2673 296 2744 put,
318 2671 397 2743 quod
417 2687 478 2728 666
500 2669 663 2742 sufficiebat
682 2671 756 2730 uiris
779 2665 851 2746 (leg.
874 2672 921 2729 eir
942 2667 991 2744 ei),
1015 2671 1076 2729 uisi
1096 2671 1200 2743 piures
1221 2673 1321 2729 666661.
1343 2697 1384 2706 -

237 2769 346 2828 Exstat
367 2770 397 2828 in
421 2771 505 2830 codd.
528 2771 616 2831 Voss.
638 2791 683 2830 nr.
709 2773 746 2831 18
770 2777 799 2830 et
820 2791 864 2830 nr.
889 2773 963 2830 64..

335 2869 428 2928 schol.
451 2870 489 2928 61
512 2871 639 2932 V1120:
664 2873 811 2932 Hortatur
837 2876 941 2945 poetas
968 2872 1143 2944 temporibus
1166 2871 1295 2930 Nerauie
1320 2887 1383 2930 aar·

236 2970 318 3030 66166
338 2972 470 3030 sardare.
496 3001 530 3010 -
557 2972 665 3031 Exstat
687 2975 718 3031 in
741 2973 825 3032 codd.
845 2973 934 3032 Voss.
958 2993 1002 3031 nr.
1028 2973 1065 3030 18
1089 2977 1118 3030 et
1139 2990 1184 3030 nr.
1209 2963 1257 3028 64.

336 3069 429 3130 schol.
453 3071 490 3129 ad
512 3072 640 3132 VII37:
664 3075 735 3147 quia
752 3078 855 3148 poetae
877 3073 1014 3146 Apollini
1036 3077 1062 3132 61
1083 3073 1184 3131 Musis
1210 3075 1294 3130 eruut
1317 3089 1384 3130 eou-

236 3171 412 3229 6666611-
432 3171 497 3232 Hoc
521 3172 666 3232 scholium
688 3195 706 3233 a
728 3173 879 3232 codicibus
894 3173 1090 3232 Leidensibns
1114 3172 1221 3231 abesse
1243 3171 1317 3229 mibi
1338 3189 1384 3229 re-

237 3269 330 3328 latum
354 3277 415 3346 est;
439 3273 518 3351 quod
542 3293 613 3333 casu
634 3276 745 3334 factum
768 3294 833 3333 esse
855 3279 962 3351 potest.

337 3371 429 3432 schol.
453 3375 491 3434 61
511 3375 640 3436 V1164:
665 3376 760 3452 Carra
788 3377 863 3435 euim
888 3356 1015 3436 6111166
1040 3378 1149 3434 martes
1175 3377 1258 3445 6661;
1291 3372 1387 3447 Carra

238 3552 436 3562 ——-—

340 3679 349 3710 ¹
372 3679 412 3733 Cf.
435 3679 470 3734 de
494 3679 537 3732 his
561 3679 702 3734 codicibus
723 3679 896 3748 Schopenum
920 3681 950 3734 in
971 3685 1181 3750 programmate
1202 3701 1295 3752 gymn.
1314 3685 1386 3740 Bon·

238 3766 331 3820 nensis
350 3769 458 3820 61847
478 3784 505 3836 p.
521 3770 544 3820 1.
575 3766 675 3820 Fusius
694 3767 729 3821 de
747 3767 781 3820 iis
800 3769 910 3822 rettulit
926 3769 1058 3839 Gigchius
1078 3769 1182 3837 libello,
1202 3770 1250 3838 qui
1269 3771 1385 3841 inserip-
1406 3758 1411 3762 ’

240 3859 285 3909 166
303 3858 358 3908 est:
377 3855 549 3923 ‘Apparatus
568 3855 660 3910 critici
680 3855 716 3909 ad
733 3855 890 3911 Iuvenalem
912 3857 941 3911 in
962 3857 1030 3911 bibl.
1052 3859 1129 3912 acad.
1150 3857 1277 3913 Leidensi
1299 3877 1387 3914 asser·

239 3942 300 3998 vati
316 3941 467 4009 descriptio
487 3947 515 3996 et
534 3942 685 4011 specimcn’
704 3943 818 4012 (Leidae
840 3947 927 4013 1849).

339 4031 349 4062 ²
368 4030 465 4084 Liceat
478 4029 547 4082 mihi
564 4047 677 4084 monere
696 4031 725 4084 in
744 4033 885 4086 codicibus
898 4032 1078 4088 Leidensibns
1097 4035 1165 4088 haec
1183 4035 1288 4089 scholia
1300 4036 1384 4104 paulo

238 4120 323 4174 aliter
341 4118 446 4186 scripta
465 4135 523 4172 esse
543 4117 640 4172 solere.
665 4118 798 4189 Gigohius
817 4121 902 4186 enim,
921 4127 953 4174 ut
970 4123 1129 4189 exemplum
1148 4122 1281 4192 adferam,
1301 4123 1389 4184 schol„

239 4208 317 4263 Voss.
337 4207 404 4262 adl
423 4209 458 4260 20
477 4207 507 4260 in
527 4207 723 4261 dissertatione
752 4209 920 4263 ‘continenti
941 4210 997 4264 tria
1015 4211 1116 4278 capita,
1136 4210 1295 4265 Iuvenalem
1315 4211 1384 4264 eius-

240 4315 293 4352 Νι16
319 4297 481 4352 scholiastae
502 4296 674 4364 spectantia'
692 4296 792 4367 (Lugd.
811 4298 842 4350 B.
864 4297 942 4366 1850)
959 4317 986 4367 p.
1005 4301 1040 4351 20
1063 4299 1103 4352 ita
1128 4299 1228 4353 edidit:
1260 4299 1385 4353 Lucilius

312 4387 382 4455 1666,
402 4386 451 4454 qui
467 4386 614 4440 Auruncae
630 4385 688 4452 1611
706 4387 725 4440 1.
745 4404 766 4442 6.
786 4387 897 4442 Tuscus.

340 4475 411 4528 lili.
431 4475 529 4546 Gigch.
549 4475 567 4528 l.
588 4491 608 4530 6.
627 4493 654 4544 p.
668 4477 701 4528 21
721 4493 748 4530 6.
762 4478 788 4529 2.
