3266 4914
803 315 837 366 72

348 487 407 548 Sed
429 508 466 548 ex
483 489 584 548 eadem
608 492 827 568 comparatione
843 491 1025 551 scholiorum
1049 492 1133 553 codd.
1145 493 1240 554 Mont.
1258 499 1288 553 et
1303 492 1394 572 Sang.

246 596 276 648 et
291 590 383 648 Probi
405 592 736 668 interpretamentorum
758 591 840 650 alind
862 592 998 668 efficitur,
1022 592 1100 670 quod
1123 593 1159 652 de
1181 594 1245 652 illis
1269 594 1392 678 scholiis

246 689 389 748 iudicanti
405 691 525 750 minime
541 691 580 748 sit
596 690 823 767 neglegendum,
839 691 870 749 id
885 691 950 752 dico
962 693 1129 752 Pithoeana
1144 714 1263 772 quoque
1279 697 1394 756 scholia

246 796 422 867 excerpta
446 809 519 851 esse.
554 790 619 849 Hoc
642 796 740 849 antem
763 791 941 869 excerpendi
956 795 1086 868 negotio,
1110 795 1190 871 quod
1204 795 1292 856 homo
1308 796 1392 856 rudis

244 889 447 968 indoctusque
464 892 630 968 suscepisse
662 891 793 970 videtur,
828 893 1016 965 factumest,
1050 899 1084 952 ut
1104 896 1248 954 nonnulla
1281 896 1394 957 scholia

245 995 331 1049 antea
354 993 426 1049 satis
449 993 525 1051 bona
548 993 606 1051 iarn
622 1009 715 1068 prava
736 993 872 1069 falsaque
888 999 939 1052 ant
958 1013 1081 1071 prorsus
1099 996 1200 1072 inepte
1222 997 1392 1058 evaderent.

245 1089 335 1151 Cuius
364 1093 483 1168 generis
508 1092 652 1169 quaedam
683 1093 713 1150 in
745 1093 889 1170 exemplis
913 1113 930 1152 a
952 1093 1080 1153 Matthia
1101 1096 1122 1154 l.
1146 1115 1170 1156 c.
1193 1117 1221 1174 p.
1246 1099 1264 1157 9
1287 1118 1392 1177 propo·

244 1193 310 1250 sitis
326 1193 531 1266 inveniuntur;
555 1213 630 1270 quae
646 1193 744 1252 omnia
759 1213 836 1252 nunc
852 1199 980 1253 tractare
991 1195 1114 1271 longum
1126 1202 1180 1256 est.
1202 1197 1304 1256 Unum
1315 1199 1392 1258 illud

243 1311 347 1352 moneo
382 1293 418 1352 de
449 1293 561 1353 scholio
590 1294 627 1352 ad
647 1293 725 1354 XIV
748 1297 785 1353 91
813 1290 969 1368 (Matthias
992 1296 1069 1356 falso
1092 1299 1193 1374 posuit
1214 1299 1295 1358 XIII
1319 1294 1391 1374 133)

243 1413 300 1452 non
324 1393 358 1454 P.
381 1394 406 1452 I.
430 1394 541 1454 Meiere
564 1391 613 1470 (de
636 1395 715 1471 glad.
739 1415 813 1454 rom.
835 1417 864 1473 p.
889 1399 907 1456 9
930 1417 958 1456 n.
984 1396 1024 1473 1),
1060 1400 1112 1476 qui
1135 1417 1265 1458 errorem
1295 1419 1392 1475 gram·

242 1494 350 1552 matico
374 1494 509 1570 imputet,
534 1494 586 1554 sed
601 1495 755 1570 Matthiae,
779 1497 830 1574 qui
844 1497 962 1558 librarii
985 1529 1023 1538 -
1044 1500 1134 1557 immo
1149 1501 1334 1576 excerptoris
1350 1531 1392 1540 —

242 1595 458 1670 neglegentiae,
493 1595 734 1674 adstipulandnm
757 1617 831 1657 esse.
877 1597 951 1665 Quis
976 1601 1053 1658 enim
1082 1620 1141 1659 non
1164 1601 1249 1659 malit
1271 1600 1390 1660 credere

243 1696 478 1773 grammaticum,
502 1699 559 1755 etsi
580 1697 663 1756 nulla
685 1717 774 1756 causa
795 1699 894 1774 fuerit,
922 1719 974 1758 eur
996 1699 1031 1759 de
1054 1701 1154 1760 Felice
1176 1701 1391 1778 Harpocraque

243 1801 391 1870 ageretur,
425 1802 524 1854 tamen
553 1803 648 1855 totum
673 1796 808 1858 Suetonii
834 1799 932 1858 locum
963 1801 1160 1878 exscripsisse
1195 1821 1283 1878 qnam
1315 1819 1392 1874 enm,

243 1914 309 1953 cum
332 1897 406 1955 satis
429 1897 580 1956 doctrinae
602 1896 750 1973 habuerit,
785 1904 846 1956 tam
879 1899 1007 1976 turpiter
1038 1900 1200 1978 peccasse?
1235 1903 1302 1980 quis
1332 1921 1391 1961 non

242 1996 398 2055 librarium
429 1998 528 2074 potius
550 1997 701 2056 indoctum
725 1999 903 2076 excerpendi
926 2000 1024 2060 studio
1054 2020 1142 2078 quam
1164 2002 1390 2077 grammaticum

241 2097 272 2154 in
294 2102 382 2172 poeta
404 2097 568 2157 enarrando
592 2099 725 2157 censebit
748 2099 916 2159 erravisse?
949 2100 1093 2161 Similiter
1114 2121 1162 2161 res
1185 2122 1217 2161 se
1246 2101 1337 2162 habet
1358 2103 1389 2160 in

243 2196 348 2256 scholl.
372 2197 408 2255 ad
430 2198 460 2256 X
483 2199 544 2257 330
568 2205 596 2257 et
619 2199 649 2257 X
668 2200 717 2258 93.
762 2199 852 2260 Cuius
876 2203 1039 2261 sententiae
1063 2204 1114 2280 qui
1135 2203 1318 2262 luculentum
1342 2203 1389 2261 de·

242 2296 353 2355 sideret
375 2305 590 2373 argumentum,
624 2301 651 2358 is
674 2300 761 2359 adeat
783 2300 875 2359 schol.
899 2301 977 2361 Pith.
1001 2303 1038 2360 ad
1060 2303 1076 2360 Ι
1100 2303 1169 2376 109,
1204 2323 1262 2380 quo
1291 2305 1390 2381 inepte

242 2397 278 2456 ad
290 2397 424 2456 Licinum
448 2419 565 2476 quoqne
586 2401 724 2474 refertur,
748 2401 827 2478 quod
850 2401 886 2460 de
902 2402 1039 2460 Pallante
1062 2403 1126 2461 solo
1141 2407 1222 2461 recte
1244 2404 1387 2480 scriptum

242 2503 295 2557 est.
339 2498 398 2557 Hic
422 2501 499 2558 enim
514 2501 605 2560 Valla
626 2501 799 2560 felicissimo
822 2521 892 2560 casu
913 2504 1000 2561 nobis
1016 2505 1207 2564 conservavit
1226 2504 1284 2564 duo
1305 2504 1388 2564 scho-

241 2599 283 2657 lia
305 2600 424 2676 optima,
457 2602 565 2679 quibus
590 2621 723 2660 seorsum
746 2601 782 2660 de
803 2607 931 2679 utroque
954 2604 1111 2662 verissime
1131 2609 1161 2662 et
1182 2605 1388 2682 copiosissime

241 2701 349 2776 agitur.
404 2702 451 2760 Ex
473 2703 520 2761 his
553 2703 647 2779 igitur
678 2703 788 2761 sciolus
824 2704 873 2780 qui
903 2709 1042 2780 excerpta
1064 2704 1230 2764 Pithoeana
1262 2706 1389 2764 confecit

241 2800 382 2859 librarius
403 2820 493 2859 unum
516 2801 593 2860 illud
616 2803 806 2862 concinnavit
826 2802 972 2862 scholium
993 2803 1154 2862 absurdum
1177 2809 1207 2862 et
1227 2804 1388 2862 indoctum.

242 2899 379 2960 Ceterum
414 2902 482 2960 aliis
508 2921 625 2979 quoque
655 2902 773 2961 indiciis
806 2902 920 2962 scholia
942 2903 1024 2962 codd.
1047 2903 1140 2962 Mont.
1165 2909 1194 2962 et
1217 2901 1307 2980 Sang.
1339 2923 1387 2962 ex-

241 3007 342 3078 ccrpta
357 3019 423 3059 esse
441 3021 477 3060 ex
492 3002 626 3078 pleniore
644 3003 853 3062 commentario
872 3004 1071 3079 confirmatur,
1094 3005 1307 3080 inaequalitate
1323 3003 1387 3062 dioo

167 3157 174 3176 ,
241 3106 271 3159 et
292 3102 394 3178 copiae
417 3101 608 3173 scholiorum,
636 3103 745 3179 quippe
767 3122 843 3180 qnae
865 3105 896 3162 in
918 3105 987 3163 eliis
1009 3105 1145 3180 partibus
1166 3105 1316 3163 uberrima
1339 3105 1386 3178 sit,

239 3201 271 3259 in
292 3175 453 3260 aliissatis
477 3203 574 3260 tennis
597 3221 630 3260 ac
649 3203 768 3260 minime
792 3203 952 3280 sufficiens,
986 3211 1015 3262 et
1035 3205 1189 3279 sermonis,
1226 3205 1278 3282 qni
1299 3203 1386 3262 modo

240 3303 395 3361 continuus
418 3302 565 3362 dilucidus
588 3303 744 3380 prolixior,
777 3302 864 3362 modo
887 3303 1030 3380 abruptus
1059 3303 1203 3363 obscurus
1226 3296 1386 3362 adstrictus

239 3402 495 3479 brevissimusque
528 3404 576 3463 sit.
627 3403 707 3474 Quae
734 3423 806 3464 vere
839 3423 904 3463 esse
934 3405 1013 3463 dicta
1047 3424 1221 3482 persuasum
1253 3404 1385 3474 habebit,

240 3502 354 3580 qui-
376 3509 410 3560 ut
431 3523 522 3561 unum
546 3505 695 3580 proferam
718 3505 888 3582 exemplum
912 3533 951 3545 -
973 3505 1078 3565 scholl.
1101 3505 1138 3564 ad
1160 3505 1241 3565 VIII
1256 3506 1296 3563 94
1309 3523 1385 3580 sqq,

240 3619 316 3679 quae
341 3603 452 3678 integri
477 3605 680 3662 commentarii
701 3605 861 3681 imaginem
891 3605 945 3666 vix
969 3606 1153 3664 immutatam
1174 3605 1318 3682 praebere
1340 3603 1385 3664 vi·

239 3702 353 3776 dentur,
377 3706 596 3779 comparaverit
621 3725 687 3764 oum
710 3705 839 3764 exilibus
862 3707 1019 3783 excerptis,
1052 3725 1126 3784 quae
1149 3705 1186 3764 ad
1209 3705 1255 3766 VI
1275 3707 1291 3763 1
1317 3723 1383 3782 sqq.

238 3804 269 3862 in
292 3803 375 3862 codd.
397 3803 491 3862 Mout.
505 3810 535 3862 et
550 3803 639 3880 Sang.
663 3806 814 3882 leguntur.
859 3807 901 3865 At
926 3807 952 3865 si
974 3826 1118 3866 summam
1140 3807 1185 3865 rei
1207 3811 1384 3884 spectamus,

239 3905 291 3982 qui
314 3905 464 3981 excerpsit
489 3905 562 3964 haec
591 3905 713 3978 scholia,
748 3908 865 3984 saepius
888 3907 1025 3984 longiora
1045 3909 1309 3984 interpretamenta
1339 3923 1384 3963 ea·

239 4005 364 4082 demque
390 4005 522 4065 doctiora
545 4010 573 4063 et
595 4005 742 4065 interdum
765 4009 982 4084 pretiosissima
1000 4009 1031 4066 in
1053 4008 1175 4068 brevius
1199 4006 1384 4066 contraxisse

146 4133 149 4140 ¹
238 4113 268 4166 et
289 4106 470 4182 depravasse
497 4126 585 4183 quam
613 4111 676 4165 tota
699 4108 835 4166 omisisse
856 4108 985 4168 videtur.
1030 4105 1087 4166 Sed
1110 4108 1183 4166 satis
1207 4107 1243 4166 de
1265 4105 1320 4165 hac
1341 4123 1384 4200 re,

239 4227 327 4285 quam
350 4208 516 4266 accuratius
537 4211 665 4266 tractare
687 4212 821 4284 tempora
842 4227 895 4266 nos
917 4212 1030 4268 vetant.

337 4307 383 4366 De
404 4308 497 4367 Probi
516 4309 635 4367 nomine
657 4309 780 4368 aValla
803 4307 981 4368 scholiastae
1003 4327 1057 4368 suo
1074 4309 1168 4368 indito
1191 4309 1217 4368 si
1240 4309 1308 4386 quis
1329 4325 1381 4368 vv.

237 4407 284 4466 dd.
314 4425 492 4482 cognoscere
524 4409 600 4470 velit
633 4409 796 4486 opiniones,
831 4408 934 4469 videat
959 4409 1090 4468 Fabricii
1117 4408 1191 4468 bibl.
1215 4408 1281 4466 Lat.
1303 4413 1325 4467 t.
1349 4406 1383 4464 ΙΙ

255 4539 266 4564 κ.
290 4508 350 4566 360
378 4503 436 4581 (ed.
460 4509 489 4569 V
510 4529 539 4585 p.
563 4510 674 4570 45311.
699 4507 737 4584 c),
771 4506 919 4586 Schopeni
946 4508 1017 4568 diss.
1045 4508 1082 4567 de
1103 4506 1241 4566 Terentio
1271 4511 1301 4564 et
1322 4505 1381 4564 Do·
